3748 5792
846 514 888 575 89

249 697 361 772 tligare
380 698 443 759 sibi
467 702 560 762 visus
582 705 635 761 est
659 701 764 776 Koclr,
787 703 823 762 ut
846 716 926 762 suae
950 700 1054 777 ipsius
1073 699 1320 782 τῲκανομημὲνα,
1339 713 1422 773 quae
1434 699 1532 759 lectio

250 797 331 858 mibi
361 801 492 873 quidem
524 803 664 864 obscura
694 805 760 878 est,
787 803 876 864 viam
900 805 1078 878 sterneret,
1111 801 1339 862 contendendo
1363 797 1531 883 διῳκημένα

248 915 352 973 neque
383 904 543 964 usitatum
567 919 641 965 esse
666 904 787 966 Atticis
812 919 917 979 neque
940 905 1128 966 sententiae
1151 903 1353 964 satisfacere.
1379 903 1531 964 Alterum

248 1000 374 1063 crimen
397 1003 460 1066 bac
482 1006 690 1080 expositione
714 1006 926 1082 propulsasse
950 1007 1033 1068 mibi
1056 1007 1166 1081 video,
1191 1005 1281 1080 prius
1304 1005 1333 1064 si
1352 1005 1532 1064 recentiore

249 1102 449 1178 Antiphanis
489 1109 612 1183 aetate,
656 1121 720 1184 qua
760 1123 863 1184 purus
904 1108 1094 1169 atticismus
1135 1107 1294 1182 gliscente
1326 1105 1531 1166 Hellenismo

248 1203 373 1266 ionicae
407 1209 603 1282 praesertim
639 1208 771 1270 dialecti
803 1209 971 1270 vocabulis
1001 1208 1299 1282 contaminabatur,
1331 1207 1417 1266 haud
1448 1205 1532 1266 satis

249 1310 428 1368 excusatur
457 1309 508 1380 (cl.
533 1311 620 1370 inira
642 1310 683 1370 ad
708 1312 797 1385 211),
829 1312 949 1385 exiguo
973 1309 1137 1371 scribendi
1161 1309 1350 1370 discrimine
1374 1307 1531 1367 substitui

250 1409 371 1481 poterit
393 1408 428 1468 τὰ
450 1409 714 1495 παρῳχημένα
738 1413 893 1487 πρότερον.
919 1445 959 1456 -
984 1412 1040 1472 Vs.
1065 1413 1118 1472 20.
1147 1411 1185 1471 In
1209 1409 1369 1485 asyndeto
1392 1399 1532 1469 haerens

248 1509 299 1568 Bi.
333 1505 371 1568 ἂν
400 1510 530 1572 anot>
559 1536 586 1571 u
617 1513 729 1574 minus
760 1528 936 1575 numerose
960 1516 1018 1576 aut
1041 1507 1101 1572 ἀλλ’
1127 1509 1166 1572 ἄν
1189 1535 1215 1571 τι
1246 1527 1322 1572 cnm
1345 1509 1531 1570 sententiae

247 1609 369 1672 damno
399 1614 548 1675 coniecit.
572 1612 663 1674 Idem
688 1629 736 1674 vs.
762 1616 803 1674 22
828 1615 868 1676 ad
896 1615 1109 1675 verissimam
1133 1612 1283 1674 Meinekii
1308 1611 1528 1673 coniecturam

247 1706 330 1770 πάντ’
358 1713 590 1776 stabiliendam
615 1719 692 1790 apte
716 1716 773 1776 cit.
798 1716 918 1793 Diphil.
943 1716 996 1792 30,
1022 1723 1053 1776 4.

204 1812 255 1873 Fr.
284 1813 355 1889 192,
369 1817 400 1874 4.
425 1813 577 1877 Probatis
596 1817 680 1877 meis
700 1822 760 1888 (vs.
775 1819 794 1876 2
808 1820 842 1878 et
854 1819 885 1888 3)
905 1817 1118 1892 coniecturis,
1140 1816 1188 1876 Bi.
1209 1814 1398 1890 improbans
1415 1813 1531 1874 Koclrii

248 1913 384 1992 βράττειν
410 1931 467 1991 pro
487 1915 599 1977 τάττειν
618 1919 688 1992 ipse
708 1924 816 1996 φαγεῖν
837 1922 873 1980 eit
886 1917 1028 1998 γεννητὴν
1047 1933 1104 1995 pro
1123 1926 1266 1997 γεννικῶς
1284 1921 1359 1992 apte
1380 1915 1529 1977 coniecit.

205 2015 255 2076 Iir.
284 2017 356 2092 193,
380 2019 408 2078 1.
432 2026 489 2094 μῦς
512 2035 570 2096 pro
594 2020 780 2094 antiquiore
804 2022 891 2098 μύες,
915 2024 954 2083 ut
977 2021 1062 2096 apud
1086 2019 1275 2081 Herondant
1296 2017 1344 2079 ΙΙΙ
1364 2018 1416 2079 76.
1437 2017 1528 2083 Simi·

249 2117 324 2178 liter
353 2119 485 2195 saepius
515 2121 717 2182 recentiores
751 2121 870 2182 comici
900 2121 989 2200 ἰχθῦς
1019 2122 1134 2183 dicunt
1163 2137 1221 2197 pro
1253 2121 1369 2198 ἰχθύες,
1404 2123 1440 2180 ut
1459 2119 1530 2197 ἰχθῦ

250 2234 306 2294 pro
329 2219 416 2297 ἰχθύν
439 2220 559 2296 legitur
582 2237 663 2283 mox
687 2222 720 2282 in
744 2217 783 2284 fr.
812 2223 885 2300 194,
914 2225 964 2285 15.

207 2319 258 2380 i'r.
286 2322 358 2397 194,
385 2323 415 2382 2.
451 2321 549 2400 εἴρυσε
586 2323 693 2385 ionice
728 2324 777 2384 Bl.
808 2340 866 2401 pro
897 2326 998 2386 attico
1032 2323 1156 2384 εἱλκνσε.
1192 2325 1270 2385 Fert
1302 2337 1382 2384 sane
1418 2337 1532 2382 versus

250 2421 455 2499 hexameter,
486 2423 544 2485 sed
575 2425 726 2486 mutandi
750 2441 851 2487 causa
874 2427 966 2487 nulla
988 2428 1049 2488 est.
1075 2459 1113 2468 -
1141 2425 1198 2486 Vs.
1224 2427 1242 2484 3
1267 2429 1301 2484 et
1323 2415 1395 2500 ἧκεν
1419 2427 1478 2492 (vs.
1500 2425 1532 2493 4)

253 2525 353 2585 variis
383 2525 492 2586 modis
521 2528 631 2587 tentat
654 2527 741 2588 idem
768 2544 799 2603 p.
827 2529 905 2604 113,
934 2528 992 2589 sed
1017 2543 1081 2588 non
1105 2527 1230 2588 maiore
1254 2541 1409 2588 successu
1432 2540 1530 2600 quam

251 2625 376 2700 reliqui.
401 2626 535 2687 Ἀνιαιὸν
559 2626 591 2688 τὸ
615 2627 733 2706 χωρίον.
758 2663 799 2673 -
824 2629 879 2690 Vs.
907 2632 947 2690 lb
971 2644 1040 2703 sqq.
1065 2629 1240 2690 traduntur
1263 2628 1360 2688 baec:

366 2729 395 2786 Β.
419 2727 512 2806 πίννη
536 2728 587 2788 καὶ
610 2729 710 2810 τρληλη
734 2727 839 2806 φωνὰς
862 2729 934 2810 ἰχθῦ
959 2724 1008 2790 δύ’
1034 2727 1199 2808 ἔχουσαι

415 2824 494 2890 πόλλ’
521 2827 661 2908 ἐλάλονν,
682 2830 751 2908 περλ
774 2823 817 2892 ὧν
841 2827 873 2892 δέ
896 2831 971 2910 πρὸς
996 2830 1031 2892 ὄν
1053 2826 1073 2890 τ’
1100 2829 1194 2914 ᾤοντο
1218 2827 1313 2910 λέγειν
1338 2853 1365 2890 τι

416 2929 473 2991 ούκ
497 2929 629 2993 ἐλάλουν·
653 2929 745 2994 ούάέν
767 2931 823 3013 γάρ
849 2931 1031 3010 ἐμάνθανεν,
1053 2931 1147 2992 ὥστε
1169 2930 1244 3009 πρὸς
1267 2927 1302 2991 tv
1326 2927 1380 3009 μὲν

416 3022 455 3110 ἦν
479 3031 583 3105 αὐτοῖς
608 3029 624 3093 b
647 3032 753 3114 λόγος,
774 3033 870 3112 πρὸς
894 3030 922 3094 (λ’
950 3032 1073 3106 αύτάς
1097 3033 1192 3094 πολλά
1215 3033 1364 3106 λαλούσας

416 3133 537 3208 αύτάς
561 3133 733 3212 ἀμφοτέρας
757 3131 775 3214 ἡ
801 3136 945 3214 Δημήτηρ
969 3133 1185 3214 ἐπιτρέψει.

252 3231 304 3293 Vs.
332 3236 382 3296 lb.
407 3232 515 3315 ἔχοντα
538 3238 650 3299 nescio
674 3253 715 3298 an
741 3242 829 3298 recte
853 3239 900 3298 Bl.
928 3271 966 3281 -
992 3237 1048 3298 Vs.
1076 3239 1127 3298 17.
1152 3236 1211 3296 ἴστε
1236 3236 1287 3296 vel
1312 3238 1402 3317 λῷστε
1426 3235 1530 3296 Head-

251 3334 331 3408 lam;
356 3333 510 3414 ἐμάνθανε
541 3339 650 3415 τῶνδε,
675 3337 751 3417 πρὸς
773 3339 904 3416 Keibel,
929 3339 1015 3414 quod
1038 3339 1197 3414 praefero.
1223 3372 1263 3382 -
1289 3337 1345 3400 Vs.
1372 3338 1423 3398 18.
1448 3337 1531 3397 Men·

252 3437 330 3498 dosa
361 3443 442 3501 sunt
477 3440 578 3502 verba
612 3439 687 3515 πρὸς
723 3435 750 3499 i’
788 3437 897 3516 αὑτὰς,
927 3456 992 3502 non
1022 3441 1111 3501 enirn
1146 3441 1209 3501 duo
1241 3441 1350 3516 pisces
1380 3441 1465 3500 inter
1496 3453 1532 3499 se

252 3539 527 3618 colloquebantur,
559 3543 617 3612 sed
648 3542 867 3618 loquebantur
898 3542 938 3603 ad
963 3542 1080 3619 alium,
1108 3543 1163 3617 qui
1194 3542 1272 3604 nibil
1298 3543 1416 3604 horum
1439 3539 1531 3601 intel·

253 3639 372 3703 texisse
394 3643 524 3706 dicitur.
549 3642 786 3719 corrigendum
811 3643 968 3704 arbitror:

763 3745 858 3820 πρὸς
883 3739 911 3805 δ’
938 3742 1059 3816 αύτάς
1082 3743 1177 3805 πολλὰ
1201 3745 1350 3816 λαλούσας

427 3842 532 3918 [αὐτάς
555 3846 631 3917 doh]
654 3842 824 3923 ἀμφοτέρας
848 3841 867 3922 ἡ
891 3846 1035 3924 Δημήτηρ
1060 3844 1258 3924 ἐπέτριψε.
1286 3845 1468 3905 <τιάτιιστα>

253 3943 321 4006 Non
351 3945 460 4007 solum
491 3948 520 4007 is
550 3948 602 4008 cui
625 3947 842 4021 loquebantur
865 3948 948 4008 nibil
972 3963 1085 4009 eorum
1110 3947 1337 4023 intellegebat,
1362 3947 1419 4007 sed
1443 3962 1531 4022 prae·

253 4047 341 4108 terea
374 4044 459 4124 (πρὸς
495 4043 535 4120 d')
572 4048 668 4109 ceres
703 4048 791 4122 ipsos
822 4049 929 4123 pisces
965 4051 1096 4124 propter
1127 4048 1360 4123 loquacitatem
1391 4049 1534 4124 pessime

252 4149 399 4222 perdidit.
431 4151 554 4212 Koclrio
590 4150 726 4211 debetur
760 4146 907 4227 ἐπέτριψε.
942 4150 1021 4211 Post
1052 4150 1133 4211 baec
1167 4150 1207 4212 de
1241 4150 1367 4212 duabus
1398 4149 1532 4222 reliquis

252 4249 414 4324 Blaydesii
438 4251 686 4314 ariolationibus
710 4254 823 4328 aperte
847 4252 941 4313 falsis
965 4252 1085 4313 melius
1108 4251 1269 4314 silebitur.

211 4350 261 4411 Fr.
287 4353 358 4426 195,
384 4353 414 4413 3.
448 4353 611 4412 τύπτεσθαι
647 4353 767 4430 μύδρος.
805 4355 889 4429 Apte
923 4354 972 4414 Bi.
1005 4353 1060 4414 cfl.
1092 4353 1212 4414 Aesch.
1244 4354 1283 4414 fr.
1316 4354 1380 4413 307
1413 4355 1447 4414 et
1477 4353 1532 4413 Ar.

254 4452 334 4514 Nub.
359 4455 435 4515 422.
460 4489 501 4498 -
528 4453 583 4515 Vs.
609 4456 627 4516 ‘i

474 4556 606 4616 δειπνεῖν
629 4553 755 4634 άκλητος
779 4561 867 4634 μυῖα,
891 4555 939 4634 μή
960 4552 1111 4629 ’ξελθεῑ
1116 4579 1133 4614 ν
1156 4554 1261 4635 φρέαρ.

256 4659 341 4716 Μυῖα
376 4659 545 4733 sagacis
580 4659 689 4733 imago
723 4662 776 4720 est
807 4659 892 4734 apud
923 4657 1166 4734 Philemonem,
1199 4658 1220 4718 i.
1244 4673 1272 4718 e.
1297 4658 1403 4719 Plaut.
1436 4657 1532 4718 Mero.

255 4757 376 4820 360R.
407 4759 594 4820 Muscast
622 4773 739 4821 meus
769 4763 905 4835 pater:
936 4760 994 4820 nil
1019 4763 1162 4834 potest
1186 4760 1292 4821 clam
1321 4759 1439 4820 illum
1472 4759 1530 4818 ha·

255 4857 339 4919 beri
370 4864 432 4921 stc.
454 4893 494 4900 -
515 4857 563 4937 μὴ
594 4861 777 4934 ξελθεῖν].
810 4861 893 4924 (lum
925 4861 1100 4936 Blaydesio
1125 4862 1219 4923 video
1243 4876 1298 4922 me
1322 4860 1476 4922 incidisse
1499 4860 1533 4921 in

253 4962 389 5024 eandem
420 4961 643 5024 coniecturam
677 4961 726 5041 μὴ
757 4956 962 5038 'salamim
997 4965 1033 5024 ut
1064 4963 1193 5024 dicatur
1227 4964 1333 5024 bonus
1367 4959 1540 5038 parasitus

254 5077 431 5140 numquam
455 5061 592 5126 deficere
615 5065 679 5127 nisi
702 5058 929 5129 deficientibus
952 5065 1034 5141 ipsis
1057 5066 1218 5127 conviviis
1241 5068 1275 5127 et
1298 5063 1533 5140 amphitryoni-
