<?xml version="1.0" encoding="UTF-8"?>
<!DOCTYPE html PUBLIC "-//W3C//DTD XHTML 1.0 Transitional//EN"
    "http://www.w3.org/TR/xhtml1/DTD/xhtml1-transitional.dtd">
<html xmlns="http://www.w3.org/1999/xhtml" xml:lang="en" lang="en">
 <head>
  <title>
</title>
<meta http-equiv="Content-Type" content="text/html;charset=utf-8" />
  <meta name='ocr-system' content='tesseract 3.04.00' />
  <meta name='ocr-capabilities' content='ocr_page ocr_carea ocr_par ocr_line ocrx_word'/>
</head>
<body>
  <div class='ocr_page' id='page_1' title='image "./collectaneacrit00kockgoog_0138.png"; bbox 0 0 3748 5792; ppageno 0'>
   <div class='ocr_carea' id='block_1_1' title="bbox 874 515 936 573">
    <p class='ocr_par' dir='ltr' id='par_1_1' title="bbox 874 515 936 573">
     <span class='ocr_line' id='line_1_1' title="bbox 874 515 936 573; baseline 0 0"><span class='ocrx_word' id='word_1_1' title='bbox 874 515 936 573; x_wconf 83' lang='lat'><strong>123</strong></span> 
     </span>
    </p>
   </div>
   <div class='ocr_carea' id='block_1_2' title="bbox 284 643 1560 769">
    <p class='ocr_par' dir='ltr' id='par_1_2' title="bbox 284 643 1560 769">
     <span class='ocr_line' id='line_1_2' title="bbox 284 643 1560 769; baseline -0.002 -20"><span class='ocrx_word' id='word_1_2' title='bbox 284 689 439 752; x_wconf 89' lang='lat' dir='ltr'><strong>similiter</strong></span> <span class='ocrx_word' id='word_1_3' title='bbox 473 709 522 756; x_wconf 88' lang='lat' dir='ltr'><strong>vs.</strong></span> <span class='ocrx_word' id='word_1_4' title='bbox 554 695 585 756; x_wconf 88' lang='lat'><strong>8.</strong></span> <span class='ocrx_word' id='word_1_5' title='bbox 615 694 689 769; x_wconf 89' lang='lat' dir='ltr'><strong>Ipse</strong></span> <span class='ocrx_word' id='word_1_6' title='bbox 720 694 823 756; x_wconf 87' lang='lat' dir='ltr'><strong>lector</strong></span> <span class='ocrx_word' id='word_1_7' title='bbox 850 696 962 756; x_wconf 87' lang='lat' dir='ltr'><strong>videat</strong></span> <span class='ocrx_word' id='word_1_8' title='bbox 989 643 1062 756; x_wconf 72' lang='lat' dir='ltr'><strong>eius</strong></span> <span class='ocrx_word' id='word_1_9' title='bbox 1093 695 1283 754; x_wconf 84' lang='lat' dir='ltr'><strong>commenta</strong></span> <span class='ocrx_word' id='word_1_10' title='bbox 1312 691 1352 752; x_wconf 85' lang='lat' dir='ltr'><strong>ad</strong></span> <span class='ocrx_word' id='word_1_11' title='bbox 1375 687 1560 764; x_wconf 82' lang='lat' dir='ltr'><strong>sequentia,</strong></span> 
     </span>
    </p>
   </div>
   <div class='ocr_carea' id='block_1_3' title="bbox 237 792 1572 5138">
    <p class='ocr_par' dir='ltr' id='par_1_3' title="bbox 284 792 1561 968">
     <span class='ocr_line' id='line_1_3' title="bbox 285 792 1561 872; baseline -0.002 -21"><span class='ocrx_word' id='word_1_12' title='bbox 285 793 371 853; x_wconf 88' lang='lat' dir='ltr'><strong>unde</strong></span> <span class='ocrx_word' id='word_1_13' title='bbox 402 809 466 855; x_wconf 92' lang='lat' dir='ltr'><strong>non</strong></span> <span class='ocrx_word' id='word_1_14' title='bbox 498 795 634 857; x_wconf 87' lang='lat' dir='ltr'><strong>afferam</strong></span> <span class='ocrx_word' id='word_1_15' title='bbox 665 797 728 856; x_wconf 89' lang='lat' dir='ltr'><strong>nisi</strong></span> <span class='ocrx_word' id='word_1_16' title='bbox 760 811 843 870; x_wconf 88' lang='lat' dir='ltr'><strong>quae</strong></span> <span class='ocrx_word' id='word_1_17' title='bbox 874 798 1019 872; x_wconf 86' lang='lat' dir='ltr'><strong>aliquam</strong></span> <span class='ocrx_word' id='word_1_18' title='bbox 1051 798 1139 856; x_wconf 83' lang='lat' dir='ltr'><strong>certe</strong></span> <span class='ocrx_word' id='word_1_19' title='bbox 1169 795 1312 869; x_wconf 88' lang='lat' dir='ltr'><strong>speeiem</strong></span> <span class='ocrx_word' id='word_1_20' title='bbox 1336 792 1471 867; x_wconf 87' lang='lat' dir='ltr'><strong>habent,</strong></span> <span class='ocrx_word' id='word_1_21' title='bbox 1503 792 1561 850; x_wconf 87' lang='lat' dir='ltr'><strong>aut</strong></span> 
     </span>
     <span class='ocr_line' id='line_1_4' title="bbox 284 895 714 968; baseline 0.014 -15"><span class='ocrx_word' id='word_1_22' title='bbox 284 895 501 968; x_wconf 79' lang='lat' dir='ltr'><strong>cognoscendi</strong></span> <span class='ocrx_word' id='word_1_23' title='bbox 525 897 714 959; x_wconf 72' lang='lat' dir='ltr'><strong>utilitatem.</strong></span> 
     </span>
    </p>

    <p class='ocr_par' dir='ltr' id='par_1_4' title="bbox 238 992 1105 1074">
     <span class='ocr_line' id='line_1_5' title="bbox 238 992 1105 1074; baseline 0.005 -21"><span class='ocrx_word' id='word_1_24' title='bbox 238 993 292 1055; x_wconf 82' lang='lat' dir='ltr'><strong>Fr.</strong></span> <span class='ocrx_word' id='word_1_25' title='bbox 318 994 369 1071; x_wconf 89' lang='grc'><strong>78,</strong></span> <span class='ocrx_word' id='word_1_26' title='bbox 394 996 414 1055; x_wconf 99' lang='grc'>4</span> <span class='ocrx_word' id='word_1_27' title='bbox 438 996 561 1059; x_wconf 85' lang='lat' dir='ltr'><strong>suffieit</strong></span> <span class='ocrx_word' id='word_1_28' title='bbox 584 999 762 1074; x_wconf 85' lang='lat' dir='ltr'><strong>Hireebigii</strong></span> <span class='ocrx_word' id='word_1_29' title='bbox 786 1001 974 1062; x_wconf 83' lang='lat' dir='ltr'><strong>coniectura</strong></span> <span class='ocrx_word' id='word_1_30' title='bbox 995 999 1044 1059; x_wconf 81' lang='grc' dir='ltr'><strong>δεῖ</strong></span> <span class='ocrx_word' id='word_1_31' title='bbox 1063 992 1105 1058; x_wconf 78' lang='grc' dir='ltr'><strong>δ’.</strong></span> 
     </span>
    </p>

    <p class='ocr_par' dir='ltr' id='par_1_5' title="bbox 238 1092 1560 1267">
     <span class='ocr_line' id='line_1_6' title="bbox 238 1092 1560 1163; baseline -0.002 -8"><span class='ocrx_word' id='word_1_32' title='bbox 238 1095 292 1157; x_wconf 86' lang='lat' dir='ltr'><strong>Fr.</strong></span> <span class='ocrx_word' id='word_1_33' title='bbox 316 1097 369 1157; x_wconf 84' lang='lat'><strong>82.</strong></span> <span class='ocrx_word' id='word_1_34' title='bbox 394 1097 517 1161; x_wconf 88' lang='lat' dir='ltr'><strong>Iniuria</strong></span> <span class='ocrx_word' id='word_1_35' title='bbox 539 1100 593 1162; x_wconf 89' lang='lat' dir='ltr'><strong>bic</strong></span> <span class='ocrx_word' id='word_1_36' title='bbox 616 1102 650 1162; x_wconf 89' lang='grc'><strong>61</strong></span> <span class='ocrx_word' id='word_1_37' title='bbox 673 1100 751 1162; x_wconf 89' lang='lat' dir='ltr'><strong>alibi</strong></span> <span class='ocrx_word' id='word_1_38' title='bbox 774 1101 865 1163; x_wconf 83' lang='lat' dir='ltr'><strong>Keclr</strong></span> <span class='ocrx_word' id='word_1_39' title='bbox 887 1102 1047 1162; x_wconf 89' lang='lat' dir='ltr'><strong>traditum</strong></span> <span class='ocrx_word' id='word_1_40' title='bbox 1065 1113 1133 1160; x_wconf 82' lang='grc' dir='ltr'><em>νισει</em></span> <span class='ocrx_word' id='word_1_41' title='bbox 1155 1102 1265 1160; x_wconf 87' lang='lat' dir='ltr'><strong>mutat</strong></span> <span class='ocrx_word' id='word_1_42' title='bbox 1288 1098 1320 1158; x_wconf 92' lang='lat' dir='ltr'><strong>in</strong></span> <span class='ocrx_word' id='word_1_43' title='bbox 1344 1100 1431 1157; x_wconf 82' lang='grc' dir='ltr'><em>σσιεῑ.</em></span> <span class='ocrx_word' id='word_1_44' title='bbox 1452 1127 1492 1138; x_wconf 91' lang='grc'>-</span> <span class='ocrx_word' id='word_1_45' title='bbox 1514 1092 1560 1155; x_wconf 81' lang='lat' dir='ltr'><strong>ci.</strong></span> 
     </span>
     <span class='ocr_line' id='line_1_7' title="bbox 286 1197 1001 1267; baseline 0.01 -10"><span class='ocrx_word' id='word_1_46' title='bbox 286 1197 368 1258; x_wconf 81' lang='lat' dir='ltr'><strong>lien.</strong></span> <span class='ocrx_word' id='word_1_47' title='bbox 392 1215 481 1262; x_wconf 90' lang='lat' dir='ltr'><strong>mon.</strong></span> <span class='ocrx_word' id='word_1_48' title='bbox 507 1201 571 1264; x_wconf 89' lang='grc'><strong>724</strong></span> <span class='ocrx_word' id='word_1_49' title='bbox 595 1206 629 1264; x_wconf 91' lang='grc'><strong>61</strong></span> <span class='ocrx_word' id='word_1_50' title='bbox 651 1202 727 1264; x_wconf 83' lang='grc' dir='ltr'><strong>Ευ1.</strong></span> <span class='ocrx_word' id='word_1_51' title='bbox 750 1204 790 1266; x_wconf 86' lang='lat' dir='ltr'><strong>fr.</strong></span> <span class='ocrx_word' id='word_1_52' title='bbox 815 1206 879 1267; x_wconf 80' lang='grc'><strong>578</strong></span> <span class='ocrx_word' id='word_1_53' title='bbox 904 1199 1001 1266; x_wconf 62' lang='grc'><strong>11611.1</strong></span> 
     </span>
    </p>

    <p class='ocr_par' dir='ltr' id='par_1_6' title="bbox 239 1294 1562 1480">
     <span class='ocr_line' id='line_1_8' title="bbox 239 1294 1562 1380; baseline 0.001 -23"><span class='ocrx_word' id='word_1_54' title='bbox 239 1299 293 1359; x_wconf 83' lang='lat' dir='ltr'><strong>Pr.</strong></span> <span class='ocrx_word' id='word_1_55' title='bbox 317 1300 370 1376; x_wconf 88' lang='lat'><strong>84,</strong></span> <span class='ocrx_word' id='word_1_56' title='bbox 396 1302 426 1362; x_wconf 86' lang='grc'><strong>2.</strong></span> <span class='ocrx_word' id='word_1_57' title='bbox 454 1303 605 1376; x_wconf 78' lang='grc' dir='ltr'><em>θενθίὸας</em></span> <span class='ocrx_word' id='word_1_58' title='bbox 632 1337 672 1348; x_wconf 94' lang='grc'>-</span> <span class='ocrx_word' id='word_1_59' title='bbox 696 1307 738 1374; x_wconf 84' lang='grc'><strong>(5)</strong></span> <span class='ocrx_word' id='word_1_60' title='bbox 769 1301 957 1366; x_wconf 74' lang='grc' dir='ltr'><strong><em>ὠνθύλευσα.</em></strong></span> <span class='ocrx_word' id='word_1_61' title='bbox 999 1307 1047 1368; x_wconf 92' lang='lat' dir='ltr'><strong>Bl.</strong></span> <span class='ocrx_word' id='word_1_62' title='bbox 1085 1305 1140 1368; x_wconf 85' lang='lat' dir='ltr'><strong>ott.</strong></span> <span class='ocrx_word' id='word_1_63' title='bbox 1176 1304 1286 1365; x_wconf 79' lang='lat' dir='ltr'><strong>Sotad.</strong></span> <span class='ocrx_word' id='word_1_64' title='bbox 1321 1304 1346 1380; x_wconf 95' lang='grc' dir='ltr'><strong>Ι,</strong></span> <span class='ocrx_word' id='word_1_65' title='bbox 1385 1304 1424 1363; x_wconf 82' lang='lat'><strong>15</strong></span> <span class='ocrx_word' id='word_1_66' title='bbox 1459 1294 1562 1367; x_wconf 72' lang='grc' dir='ltr'><em>τευθὶς</em></span> 
     </span>
     <span class='ocr_line' id='line_1_9' title="bbox 285 1395 509 1480; baseline 0.018 -22"><span class='ocrx_word' id='word_1_67' title='bbox 285 1395 509 1480; x_wconf 74' lang='grc' dir='ltr'>ὠνθυλευμένη.</span> 
     </span>
    </p>

    <p class='ocr_par' dir='ltr' id='par_1_7' title="bbox 237 1495 1564 1777">
     <span class='ocr_line' id='line_1_10' title="bbox 237 1495 1563 1585; baseline -0.002 -25"><span class='ocrx_word' id='word_1_68' title='bbox 237 1501 292 1562; x_wconf 84' lang='lat' dir='ltr'><strong>Fr.</strong></span> <span class='ocrx_word' id='word_1_69' title='bbox 316 1503 369 1579; x_wconf 84' lang='lat'><strong>85,</strong></span> <span class='ocrx_word' id='word_1_70' title='bbox 393 1504 414 1564; x_wconf 90' lang='lat'>4</span> <span class='ocrx_word' id='word_1_71' title='bbox 438 1520 486 1578; x_wconf 88' lang='lat' dir='ltr'><strong>eq.</strong></span> <span class='ocrx_word' id='word_1_72' title='bbox 511 1504 546 1567; x_wconf 94' lang='grc'><strong>0.</strong></span> <span class='ocrx_word' id='word_1_73' title='bbox 560 1505 696 1568; x_wconf 84' lang='lat' dir='ltr'><strong>crusius</strong></span> <span class='ocrx_word' id='word_1_74' title='bbox 719 1508 775 1570; x_wconf 85' lang='lat' dir='ltr'><strong>eft.</strong></span> <span class='ocrx_word' id='word_1_75' title='bbox 799 1499 1054 1585; x_wconf 75' lang='lat' dir='ltr'><strong>Epicharmeum</strong></span> <span class='ocrx_word' id='word_1_76' title='bbox 1077 1505 1154 1568; x_wconf 77' lang='grc' dir='ltr'><em>αὕτα</em></span> <span class='ocrx_word' id='word_1_77' title='bbox 1174 1506 1265 1584; x_wconf 79' lang='grc' dir='ltr'><em>φύσις</em></span> <span class='ocrx_word' id='word_1_78' title='bbox 1283 1503 1457 1584; x_wconf 73' lang='grc' dir='ltr'><em>ἀνθρώπων</em></span> <span class='ocrx_word' id='word_1_79' title='bbox 1476 1495 1563 1560; x_wconf 72' lang='grc' dir='ltr'><em>ἀσκοὶ</em></span> 
     </span>
     <span class='ocr_line' id='line_1_11' title="bbox 283 1600 1564 1690; baseline 0.001 -30"><span class='ocrx_word' id='word_1_80' title='bbox 283 1603 503 1682; x_wconf 61' lang='lat' dir='ltr'><strong>superueniret,</strong></span> <span class='ocrx_word' id='word_1_81' title='bbox 528 1607 655 1670; x_wconf 82' lang='lat' dir='ltr'><strong>Timon.</strong></span> <span class='ocrx_word' id='word_1_82' title='bbox 679 1609 804 1685; x_wconf 79' lang='lat' dir='ltr'><strong>sillogr.</strong></span> <span class='ocrx_word' id='word_1_83' title='bbox 829 1607 988 1690; x_wconf 75' lang='grc' dir='ltr'><em>ἄνθρωποι</em></span> <span class='ocrx_word' id='word_1_84' title='bbox 1011 1645 1050 1655; x_wconf 93' lang='grc'>-</span> <span class='ocrx_word' id='word_1_85' title='bbox 1075 1616 1164 1687; x_wconf 78' lang='grc' dir='ltr'><em>κενῆς</em></span> <span class='ocrx_word' id='word_1_86' title='bbox 1187 1607 1301 1686; x_wconf 82' lang='grc' dir='ltr'><em>οὶήσιος</em></span> <span class='ocrx_word' id='word_1_87' title='bbox 1324 1604 1443 1684; x_wconf 77' lang='grc' dir='ltr'><strong><em>ἔμπλεοι</em></strong></span> <span class='ocrx_word' id='word_1_88' title='bbox 1468 1600 1564 1679; x_wconf 80' lang='grc' dir='ltr'><strong>ἀσκοί,</strong></span> 
     </span>
     <span class='ocr_line' id='line_1_12' title="bbox 285 1704 1517 1777; baseline 0.002 -13"><span class='ocrx_word' id='word_1_89' title='bbox 285 1704 459 1768; x_wconf 82' lang='lat' dir='ltr'><strong>Petronius</strong></span> <span class='ocrx_word' id='word_1_90' title='bbox 482 1708 525 1768; x_wconf 89' lang='grc'><strong>42</strong></span> <span class='ocrx_word' id='word_1_91' title='bbox 550 1710 635 1770; x_wconf 90' lang='lat' dir='ltr'><strong>utri</strong></span> <span class='ocrx_word' id='word_1_92' title='bbox 659 1710 810 1772; x_wconf 87' lang='lat' dir='ltr'><strong>inflati</strong></span> <span class='ocrx_word' id='word_1_93' title='bbox 833 1712 1109 1773; x_wconf 83' lang='lat' dir='ltr'><strong>ambulamus.</strong></span> <span class='ocrx_word' id='word_1_94' title='bbox 1129 1743 1163 1752; x_wconf 88' lang='lat'>—</span> <span class='ocrx_word' id='word_1_95' title='bbox 1186 1711 1257 1771; x_wconf 85' lang='lat' dir='ltr'><strong>vid.</strong></span> <span class='ocrx_word' id='word_1_96' title='bbox 1283 1709 1362 1770; x_wconf 92' lang='lat' dir='ltr'><strong>Poll.</strong></span> <span class='ocrx_word' id='word_1_97' title='bbox 1387 1708 1418 1768; x_wconf 86' lang='lat' dir='ltr'>X</span> <span class='ocrx_word' id='word_1_98' title='bbox 1443 1707 1517 1777; x_wconf 85' lang='grc'><strong>187.</strong></span> 
     </span>
    </p>

    <p class='ocr_par' dir='ltr' id='par_1_8' title="bbox 238 1805 849 1888">
     <span class='ocr_line' id='line_1_13' title="bbox 238 1805 849 1888; baseline 0.018 -24"><span class='ocrx_word' id='word_1_99' title='bbox 238 1805 292 1866; x_wconf 78' lang='lat' dir='ltr'><strong>Fr.</strong></span> <span class='ocrx_word' id='word_1_100' title='bbox 317 1807 370 1867; x_wconf 90' lang='lat'><strong>89.</strong></span> <span class='ocrx_word' id='word_1_101' title='bbox 394 1807 568 1872; x_wconf 80' lang='lat' dir='ltr'><strong>Manifesta</strong></span> <span class='ocrx_word' id='word_1_102' title='bbox 589 1814 849 1888; x_wconf 85' lang='lat' dir='ltr'><strong>paratragoedia.</strong></span> 
     </span>
    </p>

    <p class='ocr_par' dir='ltr' id='par_1_9' title="bbox 237 1907 1566 2094">
     <span class='ocr_line' id='line_1_14' title="bbox 237 1907 1566 1990; baseline 0.005 -25"><span class='ocrx_word' id='word_1_103' title='bbox 237 1907 293 1966; x_wconf 84' lang='lat' dir='ltr'><strong>Fr.</strong></span> <span class='ocrx_word' id='word_1_104' title='bbox 318 1907 370 1984; x_wconf 82' lang='lat'><strong>94,</strong></span> <span class='ocrx_word' id='word_1_105' title='bbox 395 1910 425 1970; x_wconf 84' lang='lat'><strong>5.</strong></span> <span class='ocrx_word' id='word_1_106' title='bbox 450 1910 566 1972; x_wconf 83' lang='lat' dir='ltr'><strong>Procul</strong></span> <span class='ocrx_word' id='word_1_107' title='bbox 590 1913 687 1975; x_wconf 91' lang='lat' dir='ltr'><strong>dubio</strong></span> <span class='ocrx_word' id='word_1_108' title='bbox 709 1914 897 1990; x_wconf 83' lang='lat' dir='ltr'><strong>recipienda</strong></span> <span class='ocrx_word' id='word_1_109' title='bbox 919 1916 1055 1977; x_wconf 88' lang='lat' dir='ltr'><strong>evidens</strong></span> <span class='ocrx_word' id='word_1_110' title='bbox 1077 1915 1217 1977; x_wconf 88' lang='lat' dir='ltr'><strong>Dobraei</strong></span> <span class='ocrx_word' id='word_1_111' title='bbox 1241 1914 1409 1976; x_wconf 81' lang='lat' dir='ltr'><strong>eorrectio.</strong></span> <span class='ocrx_word' id='word_1_112' title='bbox 1433 1911 1566 1973; x_wconf 82' lang='lat' dir='ltr'><strong>Tradita</strong></span> 
     </span>
     <span class='ocr_line' id='line_1_15' title="bbox 283 2007 1137 2094; baseline 0.014 -27"><span class='ocrx_word' id='word_1_113' title='bbox 283 2007 382 2069; x_wconf 85' lang='grc'><strong>166116</strong></span> <span class='ocrx_word' id='word_1_114' title='bbox 405 2016 559 2089; x_wconf 84' lang='lat' dir='ltr'><strong>corrupta</strong></span> <span class='ocrx_word' id='word_1_115' title='bbox 582 2018 634 2076; x_wconf 86' lang='lat' dir='ltr'><strong>est</strong></span> <span class='ocrx_word' id='word_1_116' title='bbox 656 2017 851 2092; x_wconf 85' lang='lat' dir='ltr'><strong>repetitione</strong></span> <span class='ocrx_word' id='word_1_117' title='bbox 876 2017 967 2079; x_wconf 87' lang='lat' dir='ltr'><strong>verbi</strong></span> <span class='ocrx_word' id='word_1_118' title='bbox 990 2033 1065 2094; x_wconf 81' lang='grc' dir='ltr'><em>φασι</em></span> <span class='ocrx_word' id='word_1_119' title='bbox 1084 2019 1137 2089; x_wconf 92' lang='grc'><strong>(4).</strong></span> 
     </span>
    </p>

    <p class='ocr_par' dir='ltr' id='par_1_10' title="bbox 237 2108 1566 2704">
     <span class='ocr_line' id='line_1_16' title="bbox 237 2108 1564 2194; baseline 0.002 -25"><span class='ocrx_word' id='word_1_120' title='bbox 237 2108 292 2172; x_wconf 82' lang='lat' dir='ltr'><strong>Fr.</strong></span> <span class='ocrx_word' id='word_1_121' title='bbox 317 2110 370 2172; x_wconf 87' lang='grc'><strong>97.</strong></span> <span class='ocrx_word' id='word_1_122' title='bbox 398 2113 425 2172; x_wconf 94' lang='lat'><strong>1.</strong></span> <span class='ocrx_word' id='word_1_123' title='bbox 450 2112 535 2176; x_wconf 89' lang='lat' dir='ltr'><strong>Vera</strong></span> <span class='ocrx_word' id='word_1_124' title='bbox 558 2117 675 2178; x_wconf 84' lang='lat' dir='ltr'><strong>Koelrii</strong></span> <span class='ocrx_word' id='word_1_125' title='bbox 699 2118 886 2180; x_wconf 85' lang='lat' dir='ltr'><strong>observatio</strong></span> <span class='ocrx_word' id='word_1_126' title='bbox 910 2119 1020 2194; x_wconf 86' lang='lat' dir='ltr'><strong>potius</strong></span> <span class='ocrx_word' id='word_1_127' title='bbox 1045 2119 1224 2182; x_wconf 86' lang='lat' dir='ltr'><strong>vorandi</strong></span> <span class='ocrx_word' id='word_1_128' title='bbox 1250 2117 1418 2179; x_wconf 90' lang='lat' dir='ltr'><strong>notionem</strong></span> <span class='ocrx_word' id='word_1_129' title='bbox 1443 2113 1564 2189; x_wconf 83' lang='lat' dir='ltr'><strong>requiri</strong></span> 
     </span>
     <span class='ocr_line' id='line_1_17' title="bbox 283 2211 1566 2300; baseline 0.003 -28"><span class='ocrx_word' id='word_1_130' title='bbox 283 2227 382 2286; x_wconf 87' lang='lat' dir='ltr'><strong>quam</strong></span> <span class='ocrx_word' id='word_1_131' title='bbox 418 2211 581 2295; x_wconf 82' lang='grc' dir='ltr'><em>ἐγχεῖσθαι,</em></span> <span class='ocrx_word' id='word_1_132' title='bbox 615 2219 701 2293; x_wconf 88' lang='lat' dir='ltr'><strong>quod</strong></span> <span class='ocrx_word' id='word_1_133' title='bbox 731 2236 789 2295; x_wconf 91' lang='lat' dir='ltr'><strong>pro</strong></span> <span class='ocrx_word' id='word_1_134' title='bbox 823 2216 977 2300; x_wconf 79' lang='grc' dir='ltr'><em>ὀρχεῖσθαι</em></span> <span class='ocrx_word' id='word_1_135' title='bbox 1012 2222 1232 2298; x_wconf 84' lang='lat' dir='ltr'><strong>conieceram,</strong></span> <span class='ocrx_word' id='word_1_136' title='bbox 1267 2220 1346 2281; x_wconf 87' lang='lat' dir='ltr'><strong>feeit</strong></span> <span class='ocrx_word' id='word_1_137' title='bbox 1379 2222 1416 2279; x_wconf 88' lang='lat' dir='ltr'><strong>ut</strong></span> <span class='ocrx_word' id='word_1_138' title='bbox 1450 2218 1566 2294; x_wconf 87' lang='lat' dir='ltr'><strong>postea</strong></span> 
     </span>
     <span class='ocr_line' id='line_1_18' title="bbox 285 2310 1564 2400; baseline -0.009 -12"><span class='ocrx_word' id='word_1_139' title='bbox 285 2310 455 2392; x_wconf 70' lang='grc' dir='ltr'><em>ἕμπλῆσθαι</em></span> <span class='ocrx_word' id='word_1_140' title='bbox 479 2333 711 2397; x_wconf 87' lang='lat' dir='ltr'><strong>proponerem,</strong></span> <span class='ocrx_word' id='word_1_141' title='bbox 736 2322 822 2396; x_wconf 89' lang='lat' dir='ltr'><strong>quod</strong></span> <span class='ocrx_word' id='word_1_142' title='bbox 845 2322 953 2397; x_wconf 81' lang='lat' dir='ltr'><strong>placet</strong></span> <span class='ocrx_word' id='word_1_143' title='bbox 974 2323 1163 2398; x_wconf 85' lang='lat' dir='ltr'><strong>Blaydesio,</strong></span> <span class='ocrx_word' id='word_1_144' title='bbox 1194 2323 1248 2400; x_wconf 91' lang='lat' dir='ltr'><strong>qui</strong></span> <span class='ocrx_word' id='word_1_145' title='bbox 1272 2325 1384 2383; x_wconf 88' lang='lat' dir='ltr'><strong>tamen</strong></span> <span class='ocrx_word' id='word_1_146' title='bbox 1407 2320 1477 2394; x_wconf 91' lang='lat' dir='ltr'><strong>ipse</strong></span> <span class='ocrx_word' id='word_1_147' title='bbox 1500 2315 1564 2377; x_wconf 83' lang='lat' dir='ltr'><strong>vie·</strong></span> 
     </span>
     <span class='ocr_line' id='line_1_19' title="bbox 285 2414 1563 2502; baseline 0.003 -27"><span class='ocrx_word' id='word_1_148' title='bbox 285 2414 391 2477; x_wconf 89' lang='lat' dir='ltr'><strong>lenter</strong></span> <span class='ocrx_word' id='word_1_149' title='bbox 421 2415 535 2479; x_wconf 75' lang='grc' dir='ltr'><em>ἐσθίειν</em></span> <span class='ocrx_word' id='word_1_150' title='bbox 565 2424 623 2482; x_wconf 87' lang='lat' dir='ltr'><strong>aut</strong></span> <span class='ocrx_word' id='word_1_151' title='bbox 653 2419 809 2500; x_wconf 81' lang='grc' dir='ltr'><em>ἐγιάιιαειν</em></span> <span class='ocrx_word' id='word_1_152' title='bbox 843 2439 1042 2502; x_wconf 89' lang='lat' dir='ltr'><strong>proponens,</strong></span> <span class='ocrx_word' id='word_1_153' title='bbox 1075 2427 1207 2485; x_wconf 88' lang='lat' dir='ltr'><strong>mutata</strong></span> <span class='ocrx_word' id='word_1_154' title='bbox 1236 2422 1345 2484; x_wconf 88' lang='lat' dir='ltr'><strong>subite</strong></span> <span class='ocrx_word' id='word_1_155' title='bbox 1379 2417 1563 2493; x_wconf 86' lang='lat' dir='ltr'><strong>sententie,</strong></span> 
     </span>
     <span class='ocr_line' id='line_1_20' title="bbox 284 2517 1566 2601; baseline 0.002 -24"><span class='ocrx_word' id='word_1_156' title='bbox 284 2517 524 2582; x_wconf 87' lang='lat' dir='ltr'><strong>inconsiderate</strong></span> <span class='ocrx_word' id='word_1_157' title='bbox 546 2525 660 2583; x_wconf 89' lang='lat' dir='ltr'><strong>tuetur</strong></span> <span class='ocrx_word' id='word_1_158' title='bbox 684 2523 853 2600; x_wconf 79' lang='lat' dir='ltr'><strong>vulgatam</strong></span> <span class='ocrx_word' id='word_1_159' title='bbox 877 2525 958 2586; x_wconf 86' lang='lat' dir='ltr'><strong>loeis</strong></span> <span class='ocrx_word' id='word_1_160' title='bbox 980 2525 1062 2586; x_wconf 92' lang='lat' dir='ltr'><strong>nihii</strong></span> <span class='ocrx_word' id='word_1_161' title='bbox 1086 2524 1300 2601; x_wconf 87' lang='lat' dir='ltr'><strong>probantibus</strong></span> <span class='ocrx_word' id='word_1_162' title='bbox 1324 2522 1362 2584; x_wconf 85' lang='lat' dir='ltr'><strong>ir.</strong></span> <span class='ocrx_word' id='word_1_163' title='bbox 1388 2522 1463 2598; x_wconf 91' lang='grc'><strong>222,</strong></span> <span class='ocrx_word' id='word_1_164' title='bbox 1488 2521 1507 2580; x_wconf 87' lang='grc'><strong>8</strong></span> <span class='ocrx_word' id='word_1_165' title='bbox 1533 2521 1566 2580; x_wconf 85' lang='grc'><strong>61</strong></span> 
     </span>
     <span class='ocr_line' id='line_1_21' title="bbox 286 2617 1386 2704; baseline 0.006 -27"><span class='ocrx_word' id='word_1_166' title='bbox 286 2617 427 2693; x_wconf 74' lang='lat' dir='ltr'><strong>reptaret.</strong></span> <span class='ocrx_word' id='word_1_167' title='bbox 450 2621 498 2681; x_wconf 93' lang='lat'><strong>111</strong></span> <span class='ocrx_word' id='word_1_168' title='bbox 522 2623 597 2684; x_wconf 79' lang='lat'><strong>365.</strong></span> <span class='ocrx_word' id='word_1_169' title='bbox 624 2657 663 2668; x_wconf 87' lang='lat'><em>-</em></span> <span class='ocrx_word' id='word_1_170' title='bbox 688 2620 857 2704; x_wconf 75' lang='grc' dir='ltr'><em>ὀγκσῦσθαι</em></span> <span class='ocrx_word' id='word_1_171' title='bbox 880 2626 996 2688; x_wconf 84' lang='lat' dir='ltr'><strong>infelix</strong></span> <span class='ocrx_word' id='word_1_172' title='bbox 1019 2630 1071 2688; x_wconf 87' lang='lat' dir='ltr'><strong>est</strong></span> <span class='ocrx_word' id='word_1_173' title='bbox 1094 2625 1210 2687; x_wconf 86' lang='lat' dir='ltr'><strong>Keclrii</strong></span> <span class='ocrx_word' id='word_1_174' title='bbox 1232 2625 1386 2700; x_wconf 85' lang='lat' dir='ltr'><strong>suspicio.</strong></span> 
     </span>
    </p>

    <p class='ocr_par' dir='ltr' id='par_1_11' title="bbox 241 2719 1570 3820">
     <span class='ocr_line' id='line_1_22' title="bbox 241 2719 1565 2806; baseline 0.002 -27"><span class='ocrx_word' id='word_1_175' title='bbox 241 2719 295 2780; x_wconf 78' lang='lat' dir='ltr'><strong>Pr.</strong></span> <span class='ocrx_word' id='word_1_176' title='bbox 321 2721 373 2798; x_wconf 88' lang='lat'><strong>98,</strong></span> <span class='ocrx_word' id='word_1_177' title='bbox 398 2723 430 2784; x_wconf 90' lang='lat'><strong>4.</strong></span> <span class='ocrx_word' id='word_1_178' title='bbox 464 2723 512 2784; x_wconf 91' lang='lat' dir='ltr'><strong>De</strong></span> <span class='ocrx_word' id='word_1_179' title='bbox 546 2724 609 2786; x_wconf 86' lang='lat' dir='ltr'><strong>hoe</strong></span> <span class='ocrx_word' id='word_1_180' title='bbox 639 2741 701 2788; x_wconf 88' lang='lat' dir='ltr'><strong>ueu</strong></span> <span class='ocrx_word' id='word_1_181' title='bbox 733 2725 823 2788; x_wconf 87' lang='lat' dir='ltr'><strong>verbi</strong></span> <span class='ocrx_word' id='word_1_182' title='bbox 852 2721 1077 2806; x_wconf 73' lang='grc' dir='ltr'><strong>ἀναλαμβάνειν</strong></span> <span class='ocrx_word' id='word_1_183' title='bbox 1108 2727 1156 2788; x_wconf 92' lang='grc' dir='ltr'><strong>Β1.</strong></span> <span class='ocrx_word' id='word_1_184' title='bbox 1187 2727 1414 2788; x_wconf 80' lang='grc'><strong>6110611611.</strong></span> <span class='ocrx_word' id='word_1_185' title='bbox 1445 2723 1477 2783; x_wconf 86' lang='lat'><strong>11</strong></span> <span class='ocrx_word' id='word_1_186' title='bbox 1500 2722 1565 2783; x_wconf 90' lang='grc'><strong>878</strong></span> 
     </span>
     <span class='ocr_line' id='line_1_23' title="bbox 281 2817 1566 2906; baseline 0.002 -26"><span class='ocrx_word' id='word_1_187' title='bbox 281 2819 384 2901; x_wconf 81' lang='grc' dir='ltr'><em>’Ἀραος</em></span> <span class='ocrx_word' id='word_1_188' title='bbox 416 2817 442 2882; x_wconf 80' lang='grc' dir='ltr'><strong>δ’</strong></span> <span class='ocrx_word' id='word_1_189' title='bbox 476 2822 638 2906; x_wconf 78' lang='grc' dir='ltr'><em>ἀναλαβὼν</em></span> <span class='ocrx_word' id='word_1_190' title='bbox 672 2824 800 2900; x_wconf 75' lang='grc' dir='ltr'><strong>ἐξένισεν</strong></span> <span class='ocrx_word' id='word_1_191' title='bbox 829 2823 909 2906; x_wconf 76' lang='grc' dir='ltr'><strong><em>ἡμᾶς</em></strong></span> <span class='ocrx_word' id='word_1_192' title='bbox 939 2830 974 2890; x_wconf 77' lang='lat' dir='ltr'><strong>et</strong></span> <span class='ocrx_word' id='word_1_193' title='bbox 1004 2830 1123 2891; x_wconf 82' lang='lat' dir='ltr'><strong>Athen.</strong></span> <span class='ocrx_word' id='word_1_194' title='bbox 1156 2828 1233 2889; x_wconf 89' lang='lat' dir='ltr'><strong>VIII</strong></span> <span class='ocrx_word' id='word_1_195' title='bbox 1263 2828 1327 2890; x_wconf 79' lang='lat'><strong>492</strong></span> <span class='ocrx_word' id='word_1_196' title='bbox 1347 2827 1385 2888; x_wconf 89' lang='lat' dir='ltr'><strong>D.</strong></span> <span class='ocrx_word' id='word_1_197' title='bbox 1413 2820 1566 2904; x_wconf 75' lang='grc' dir='ltr'><em>Ἰσοκράτη</em></span> 
     </span>
     <span class='ocr_line' id='line_1_24' title="bbox 288 2920 1567 3008; baseline 0.001 -26"><span class='ocrx_word' id='word_1_198' title='bbox 288 2920 450 3004; x_wconf 78' lang='grc' dir='ltr'><em>ἀναλαβεῖν</em></span> <span class='ocrx_word' id='word_1_199' title='bbox 469 2928 628 3008; x_wconf 80' lang='grc' dir='ltr'><em>Λαγίσκαν</em></span> <span class='ocrx_word' id='word_1_200' title='bbox 647 2926 688 3000; x_wconf 80' lang='grc' dir='ltr'><strong>εἰς</strong></span> <span class='ocrx_word' id='word_1_201' title='bbox 704 2927 880 3006; x_wconf 52' lang='lat' dir='ltr'><strong>revolutae.</strong></span> <span class='ocrx_word' id='word_1_202' title='bbox 895 2963 935 2974; x_wconf 93' lang='lat'>-</span> <span class='ocrx_word' id='word_1_203' title='bbox 948 2929 1004 2992; x_wconf 83' lang='lat' dir='ltr'><strong>Vs.</strong></span> <span class='ocrx_word' id='word_1_204' title='bbox 1028 2931 1078 2992; x_wconf 93' lang='lat' dir='ltr'><strong>ll.</strong></span> <span class='ocrx_word' id='word_1_205' title='bbox 1097 2930 1328 2991; x_wconf 78' lang='lat' dir='ltr'><strong>Necessarium</strong></span> <span class='ocrx_word' id='word_1_206' title='bbox 1348 2927 1451 2990; x_wconf 83' lang='lat' dir='ltr'><strong>videri</strong></span> <span class='ocrx_word' id='word_1_207' title='bbox 1470 2922 1567 3002; x_wconf 75' lang='grc' dir='ltr'><em>αὑτήν</em></span> 
     </span>
     <span class='ocr_line' id='line_1_25' title="bbox 288 3025 1567 3106; baseline -0.001 -19"><span class='ocrx_word' id='word_1_208' title='bbox 288 3041 346 3100; x_wconf 91' lang='lat' dir='ltr'><strong>pro</strong></span> <span class='ocrx_word' id='word_1_209' title='bbox 368 3025 465 3106; x_wconf 72' lang='grc' dir='ltr'><em>αὐτήν</em></span> <span class='ocrx_word' id='word_1_210' title='bbox 484 3028 563 3091; x_wconf 90' lang='lat' dir='ltr'><strong>alibi</strong></span> <span class='ocrx_word' id='word_1_211' title='bbox 580 3031 704 3091; x_wconf 91' lang='lat' dir='ltr'><strong>monui.</strong></span> <span class='ocrx_word' id='word_1_212' title='bbox 730 3065 767 3075; x_wconf 96' lang='lat'>—</span> <span class='ocrx_word' id='word_1_213' title='bbox 792 3029 844 3092; x_wconf 85' lang='lat' dir='ltr'><strong>Vs.</strong></span> <span class='ocrx_word' id='word_1_214' title='bbox 869 3034 919 3094; x_wconf 82' lang='lat'><strong>15.</strong></span> <span class='ocrx_word' id='word_1_215' title='bbox 940 3025 1077 3092; x_wconf 72' lang='lat' dir='ltr'><strong>robureu’</strong></span> <span class='ocrx_word' id='word_1_216' title='bbox 1108 3046 1165 3106; x_wconf 91' lang='lat' dir='ltr'><strong>pro</strong></span> <span class='ocrx_word' id='word_1_217' title='bbox 1192 3031 1307 3103; x_wconf 78' lang='grc' dir='ltr'><em>νούσοις</em></span> <span class='ocrx_word' id='word_1_218' title='bbox 1328 3033 1418 3091; x_wconf 86' lang='grc'><strong>66116</strong></span> <span class='ocrx_word' id='word_1_219' title='bbox 1437 3027 1567 3088; x_wconf 85' lang='lat' dir='ltr'><strong>videtur</strong></span> 
     </span>
     <span class='ocr_line' id='line_1_26' title="bbox 288 3125 1567 3210; baseline -0.001 -22"><span class='ocrx_word' id='word_1_220' title='bbox 288 3127 429 3204; x_wconf 80' lang='lat' dir='ltr'><strong>Emperii</strong></span> <span class='ocrx_word' id='word_1_221' title='bbox 455 3131 657 3209; x_wconf 87' lang='lat' dir='ltr'><strong>emendatio,</strong></span> <span class='ocrx_word' id='word_1_222' title='bbox 682 3131 894 3207; x_wconf 87' lang='lat' dir='ltr'><strong>probabiliter</strong></span> <span class='ocrx_word' id='word_1_223' title='bbox 916 3133 1078 3194; x_wconf 87' lang='lat' dir='ltr'><strong>tentantis</strong></span> <span class='ocrx_word' id='word_1_224' title='bbox 1102 3137 1408 3210; x_wconf 61' lang='lat' dir='ltr'><strong>superseminatorem</strong></span> <span class='ocrx_word' id='word_1_225' title='bbox 1429 3162 1469 3173; x_wconf 96' lang='grc'>-</span> <span class='ocrx_word' id='word_1_226' title='bbox 1490 3125 1567 3205; x_wconf 81' lang='grc' dir='ltr'><em>ἀνιή-</em></span> 
     </span>
     <span class='ocr_line' id='line_1_27' title="bbox 288 3229 1568 3311; baseline 0 -23"><span class='ocrx_word' id='word_1_227' title='bbox 288 3251 386 3310; x_wconf 75' lang='grc' dir='ltr'><em>ναγεν.</em></span> <span class='ocrx_word' id='word_1_228' title='bbox 420 3231 467 3294; x_wconf 83' lang='lat' dir='ltr'><strong>Ol.</strong></span> <span class='ocrx_word' id='word_1_229' title='bbox 499 3234 602 3294; x_wconf 87' lang='lat' dir='ltr'><strong>etiam</strong></span> <span class='ocrx_word' id='word_1_230' title='bbox 633 3233 681 3296; x_wconf 94' lang='lat' dir='ltr'><strong>Bl.</strong></span> <span class='ocrx_word' id='word_1_231' title='bbox 712 3250 743 3311; x_wconf 93' lang='lat' dir='ltr'><strong>p.</strong></span> <span class='ocrx_word' id='word_1_232' title='bbox 771 3236 843 3311; x_wconf 84' lang='grc'><strong>157,</strong></span> <span class='ocrx_word' id='word_1_233' title='bbox 869 3235 962 3296; x_wconf 87' lang='lat' dir='ltr'><strong>cuius</strong></span> <span class='ocrx_word' id='word_1_234' title='bbox 987 3236 1173 3297; x_wconf 87' lang='lat' dir='ltr'><strong>tentamina</strong></span> <span class='ocrx_word' id='word_1_235' title='bbox 1196 3233 1279 3295; x_wconf 90' lang='lat' dir='ltr'><strong>mihi</strong></span> <span class='ocrx_word' id='word_1_236' title='bbox 1310 3229 1498 3308; x_wconf 86' lang='lat' dir='ltr'><strong>displicent,</strong></span> <span class='ocrx_word' id='word_1_237' title='bbox 1529 3230 1568 3288; x_wconf 92' lang='lat' dir='ltr'><strong>ut</strong></span> 
     </span>
     <span class='ocr_line' id='line_1_28' title="bbox 289 3331 1570 3412; baseline -0.002 -21"><span class='ocrx_word' id='word_1_238' title='bbox 289 3331 410 3394; x_wconf 86' lang='lat' dir='ltr'><strong>dudum</strong></span> <span class='ocrx_word' id='word_1_239' title='bbox 434 3334 538 3396; x_wconf 88' lang='lat' dir='ltr'><strong>ebieei</strong></span> <span class='ocrx_word' id='word_1_240' title='bbox 561 3351 643 3410; x_wconf 87' lang='lat' dir='ltr'><strong>quae</strong></span> <span class='ocrx_word' id='word_1_241' title='bbox 667 3335 736 3411; x_wconf 90' lang='lat' dir='ltr'><strong>ipse</strong></span> <span class='ocrx_word' id='word_1_242' title='bbox 759 3335 839 3396; x_wconf 89' lang='lat' dir='ltr'><strong>olim</strong></span> <span class='ocrx_word' id='word_1_243' title='bbox 857 3335 1002 3412; x_wconf 83' lang='lat' dir='ltr'><strong>pessime</strong></span> <span class='ocrx_word' id='word_1_244' title='bbox 1021 3337 1149 3397; x_wconf 81' lang='lat' dir='ltr'><strong>tentavi</strong></span> <span class='ocrx_word' id='word_1_245' title='bbox 1172 3336 1293 3396; x_wconf 87' lang='lat' dir='ltr'><strong>vitioso</strong></span> <span class='ocrx_word' id='word_1_246' title='bbox 1313 3337 1347 3396; x_wconf 89' lang='grc'><strong>61</strong></span> <span class='ocrx_word' id='word_1_247' title='bbox 1365 3345 1516 3392; x_wconf 83' lang='grc'><strong>6611116116</strong></span> <span class='ocrx_word' id='word_1_248' title='bbox 1536 3333 1570 3390; x_wconf 89' lang='grc'><strong>61</strong></span> 
     </span>
     <span class='ocr_line' id='line_1_29' title="bbox 289 3431 1567 3515; baseline -0.004 -20"><span class='ocrx_word' id='word_1_249' title='bbox 289 3437 470 3498; x_wconf 82' lang='grc'><strong>616116.-</strong></span> <span class='ocrx_word' id='word_1_250' title='bbox 494 3436 550 3499; x_wconf 86' lang='lat' dir='ltr'><strong>Vs.</strong></span> <span class='ocrx_word' id='word_1_251' title='bbox 586 3439 637 3499; x_wconf 83' lang='lat'><strong>17.</strong></span> <span class='ocrx_word' id='word_1_252' title='bbox 667 3434 849 3497; x_wconf 74' lang='grc' dir='ltr'><em>κατέπλασεν</em></span> <span class='ocrx_word' id='word_1_253' title='bbox 879 3453 955 3498; x_wconf 87' lang='lat' dir='ltr'><strong>eum</strong></span> <span class='ocrx_word' id='word_1_254' title='bbox 990 3436 1233 3515; x_wconf 70' lang='lat' dir='ltr'><strong>b&#39;paragoglee</strong></span> <span class='ocrx_word' id='word_1_255' title='bbox 1263 3437 1395 3512; x_wconf 87' lang='lat' dir='ltr'><strong>propter</strong></span> <span class='ocrx_word' id='word_1_256' title='bbox 1422 3431 1567 3506; x_wconf 85' lang='lat' dir='ltr'><strong>Hilbergi</strong></span> 
     </span>
     <span class='ocr_line' id='line_1_30' title="bbox 288 3534 1568 3614; baseline -0.004 -19"><span class='ocrx_word' id='word_1_257' title='bbox 288 3534 395 3612; x_wconf 78' lang='lat' dir='ltr'><strong>legem</strong></span> <span class='ocrx_word' id='word_1_258' title='bbox 429 3536 511 3599; x_wconf 90' lang='lat' dir='ltr'><strong>bene</strong></span> <span class='ocrx_word' id='word_1_259' title='bbox 545 3539 733 3614; x_wconf 90' lang='lat' dir='ltr'><strong>requirebat</strong></span> <span class='ocrx_word' id='word_1_260' title='bbox 767 3538 890 3600; x_wconf 84' lang='lat' dir='ltr'><strong>Nauck.</strong></span> <span class='ocrx_word' id='word_1_261' title='bbox 916 3572 957 3582; x_wconf 89' lang='lat'>-</span> <span class='ocrx_word' id='word_1_262' title='bbox 982 3537 1037 3600; x_wconf 90' lang='lat' dir='ltr'><strong>Vs.</strong></span> <span class='ocrx_word' id='word_1_263' title='bbox 1066 3540 1116 3600; x_wconf 90' lang='lat'><strong>19.</strong></span> <span class='ocrx_word' id='word_1_264' title='bbox 1152 3537 1250 3599; x_wconf 88' lang='lat' dir='ltr'><strong>Verbi</strong></span> <span class='ocrx_word' id='word_1_265' title='bbox 1284 3536 1383 3597; x_wconf 87' lang='lat' dir='ltr'><strong>medii</strong></span> <span class='ocrx_word' id='word_1_266' title='bbox 1418 3534 1568 3594; x_wconf 77' lang='grc' dir='ltr'><em>δείιννιαι</em></span> 
     </span>
     <span class='ocr_line' id='line_1_31' title="bbox 288 3635 1568 3715; baseline -0.004 -17"><span class='ocrx_word' id='word_1_267' title='bbox 288 3636 426 3700; x_wconf 89' lang='lat' dir='ltr'><strong>obseura</strong></span> <span class='ocrx_word' id='word_1_268' title='bbox 457 3643 509 3702; x_wconf 88' lang='lat' dir='ltr'><strong>est</strong></span> <span class='ocrx_word' id='word_1_269' title='bbox 532 3641 626 3701; x_wconf 87' lang='lat' dir='ltr'><strong>ratio.</strong></span> <span class='ocrx_word' id='word_1_270' title='bbox 660 3640 740 3702; x_wconf 83' lang='lat' dir='ltr'><strong>cum</strong></span> <span class='ocrx_word' id='word_1_271' title='bbox 765 3640 814 3701; x_wconf 92' lang='lat' dir='ltr'><strong>Bl.</strong></span> <span class='ocrx_word' id='word_1_272' title='bbox 845 3640 992 3715; x_wconf 85' lang='lat' dir='ltr'><strong>praefero</strong></span> <span class='ocrx_word' id='word_1_273' title='bbox 1023 3639 1205 3702; x_wconf 81' lang='lat' dir='ltr'><strong>elementis</strong></span> <span class='ocrx_word' id='word_1_274' title='bbox 1233 3639 1409 3700; x_wconf 88' lang='lat' dir='ltr'><strong>lectionem</strong></span> <span class='ocrx_word' id='word_1_275' title='bbox 1440 3635 1568 3696; x_wconf 77' lang='grc' dir='ltr'><em>δεικνύει</em></span> 
     </span>
     <span class='ocr_line' id='line_1_32' title="bbox 289 3735 1161 3820; baseline 0.001 -21"><span class='ocrx_word' id='word_1_276' title='bbox 289 3741 323 3800; x_wconf 88' lang='grc'><strong>61</strong></span> <span class='ocrx_word' id='word_1_277' title='bbox 345 3738 378 3801; x_wconf 92' lang='lat' dir='ltr'><strong>ln</strong></span> <span class='ocrx_word' id='word_1_278' title='bbox 402 3755 452 3802; x_wconf 86' lang='lat' dir='ltr'><strong>vs.</strong></span> <span class='ocrx_word' id='word_1_279' title='bbox 477 3743 519 3802; x_wconf 91' lang='grc'><strong>26</strong></span> <span class='ocrx_word' id='word_1_280' title='bbox 543 3741 764 3802; x_wconf 83' lang='lat' dir='ltr'><strong>Nabarianum</strong></span> <span class='ocrx_word' id='word_1_281' title='bbox 790 3735 920 3820; x_wconf 74' lang='lat' dir='ltr'><strong>eeeqplv’</strong></span> <span class='ocrx_word' id='word_1_282' title='bbox 947 3756 1005 3816; x_wconf 91' lang='lat' dir='ltr'><strong>pro</strong></span> <span class='ocrx_word' id='word_1_283' title='bbox 1029 3739 1161 3819; x_wconf 78' lang='grc' dir='ltr'><em>σέσηρεν.</em></span> 
     </span>
    </p>

    <p class='ocr_par' dir='ltr' id='par_1_12' title="bbox 247 3835 1570 4123">
     <span class='ocr_line' id='line_1_33' title="bbox 247 3835 1569 3925; baseline -0.002 -26"><span class='ocrx_word' id='word_1_284' title='bbox 247 3839 297 3900; x_wconf 82' lang='lat' dir='ltr'><strong>Pr.</strong></span> <span class='ocrx_word' id='word_1_285' title='bbox 323 3842 396 3918; x_wconf 92' lang='grc'><strong>101,</strong></span> <span class='ocrx_word' id='word_1_286' title='bbox 421 3843 451 3904; x_wconf 93' lang='grc'><strong>2.</strong></span> <span class='ocrx_word' id='word_1_287' title='bbox 476 3842 639 3905; x_wconf 86' lang='lat' dir='ltr'><strong>vitiosam</strong></span> <span class='ocrx_word' id='word_1_288' title='bbox 663 3844 804 3904; x_wconf 87' lang='lat' dir='ltr'><strong>formam</strong></span> <span class='ocrx_word' id='word_1_289' title='bbox 829 3840 1069 3923; x_wconf 76' lang='grc' dir='ltr'><em>ἐγκεκλεισμένον</em></span> <span class='ocrx_word' id='word_1_290' title='bbox 1092 3859 1150 3919; x_wconf 90' lang='lat' dir='ltr'><strong>pro</strong></span> <span class='ocrx_word' id='word_1_291' title='bbox 1173 3838 1387 3925; x_wconf 73' lang='grc' dir='ltr'><em>ἐγκεκλῃμένσν</em></span> <span class='ocrx_word' id='word_1_292' title='bbox 1411 3841 1467 3900; x_wconf 89' lang='lat' dir='ltr'><strong>aut</strong></span> <span class='ocrx_word' id='word_1_293' title='bbox 1490 3835 1569 3918; x_wconf 73' lang='grc' dir='ltr'><em>ἐγκε-</em></span> 
     </span>
     <span class='ocr_line' id='line_1_34' title="bbox 289 3939 1570 4019; baseline -0.002 -17"><span class='ocrx_word' id='word_1_294' title='bbox 289 3939 442 4019; x_wconf 73' lang='grc' dir='ltr'><em>κλειμίνσν</em></span> <span class='ocrx_word' id='word_1_295' title='bbox 471 3949 567 4018; x_wconf 84' lang='lat' dir='ltr'><strong>(quae</strong></span> <span class='ocrx_word' id='word_1_296' title='bbox 597 3945 704 4007; x_wconf 88' lang='lat' dir='ltr'><strong>forma</strong></span> <span class='ocrx_word' id='word_1_297' title='bbox 734 3945 972 4006; x_wconf 89' lang='lat' dir='ltr'><strong>recentioribus</strong></span> <span class='ocrx_word' id='word_1_298' title='bbox 1001 3945 1122 4007; x_wconf 82' lang='lat' dir='ltr'><strong>Atticis</strong></span> <span class='ocrx_word' id='word_1_299' title='bbox 1152 3944 1293 4005; x_wconf 84' lang='lat' dir='ltr'><strong>fortasse</strong></span> <span class='ocrx_word' id='word_1_300' title='bbox 1317 3957 1381 4003; x_wconf 92' lang='lat' dir='ltr'><strong>nen</strong></span> <span class='ocrx_word' id='word_1_301' title='bbox 1404 3939 1570 4017; x_wconf 84' lang='lat' dir='ltr'><strong>eripienda</strong></span> 
     </span>
     <span class='ocr_line' id='line_1_35' title="bbox 291 4044 1302 4123; baseline 0.003 -20"><span class='ocrx_word' id='word_1_302' title='bbox 291 4047 351 4114; x_wconf 86' lang='lat' dir='ltr'><strong>est)</strong></span> <span class='ocrx_word' id='word_1_303' title='bbox 375 4044 518 4106; x_wconf 84' lang='lat' dir='ltr'><strong>affricuit</strong></span> <span class='ocrx_word' id='word_1_304' title='bbox 540 4048 657 4120; x_wconf 91' lang='lat' dir='ltr'><strong>poetae</strong></span> <span class='ocrx_word' id='word_1_305' title='bbox 680 4050 738 4109; x_wconf 84' lang='lat' dir='ltr'><strong>aut</strong></span> <span class='ocrx_word' id='word_1_306' title='bbox 759 4048 829 4123; x_wconf 88' lang='lat' dir='ltr'><strong>ipse</strong></span> <span class='ocrx_word' id='word_1_307' title='bbox 852 4047 970 4109; x_wconf 87' lang='lat' dir='ltr'><strong>Pollux</strong></span> <span class='ocrx_word' id='word_1_308' title='bbox 994 4050 1051 4108; x_wconf 85' lang='lat' dir='ltr'><strong>aut</strong></span> <span class='ocrx_word' id='word_1_309' title='bbox 1074 4048 1145 4109; x_wconf 95' lang='lat' dir='ltr'><strong>eius</strong></span> <span class='ocrx_word' id='word_1_310' title='bbox 1168 4046 1302 4107; x_wconf 89' lang='lat' dir='ltr'><strong>librarii.</strong></span> 
     </span>
    </p>

    <p class='ocr_par' dir='ltr' id='par_1_13' title="bbox 249 4143 1569 4227">
     <span class='ocr_line' id='line_1_36' title="bbox 249 4143 1569 4227; baseline 0.002 -24"><span class='ocrx_word' id='word_1_311' title='bbox 249 4143 298 4208; x_wconf 83' lang='lat' dir='ltr'><strong>Fr.</strong></span> <span class='ocrx_word' id='word_1_312' title='bbox 321 4147 393 4222; x_wconf 88' lang='grc'><strong>102,</strong></span> <span class='ocrx_word' id='word_1_313' title='bbox 415 4148 445 4208; x_wconf 90' lang='grc'><strong>2.</strong></span> <span class='ocrx_word' id='word_1_314' title='bbox 466 4147 594 4209; x_wconf 87' lang='lat' dir='ltr'><strong>Mecum</strong></span> <span class='ocrx_word' id='word_1_315' title='bbox 613 4148 662 4210; x_wconf 90' lang='lat' dir='ltr'><strong>Bl.</strong></span> <span class='ocrx_word' id='word_1_316' title='bbox 683 4146 743 4210; x_wconf 74' lang='lat' dir='ltr'><strong>bat</strong></span> <span class='ocrx_word' id='word_1_317' title='bbox 762 4147 866 4227; x_wconf 77' lang='grc' dir='ltr'><strong>μέθης.</strong></span> <span class='ocrx_word' id='word_1_318' title='bbox 889 4183 929 4194; x_wconf 91' lang='grc'>-</span> <span class='ocrx_word' id='word_1_319' title='bbox 947 4147 1101 4227; x_wconf 58' lang='lat' dir='ltr'><strong>insuetis</strong></span> <span class='ocrx_word' id='word_1_320' title='bbox 1121 4149 1234 4220; x_wconf 83' lang='lat' dir='ltr'><strong>(Kock)</strong></span> <span class='ocrx_word' id='word_1_321' title='bbox 1254 4162 1419 4221; x_wconf 89' lang='lat' dir='ltr'><strong>nusquam</strong></span> <span class='ocrx_word' id='word_1_322' title='bbox 1438 4145 1569 4220; x_wconf 82' lang='lat' dir='ltr'><strong>legitur.</strong></span> 
     </span>
    </p>

    <p class='ocr_par' dir='ltr' id='par_1_14' title="bbox 250 4243 1570 4529">
     <span class='ocr_line' id='line_1_37' title="bbox 250 4243 1570 4330; baseline -0.001 -24"><span class='ocrx_word' id='word_1_323' title='bbox 250 4245 298 4306; x_wconf 75' lang='lat' dir='ltr'><strong>Fr.</strong></span> <span class='ocrx_word' id='word_1_324' title='bbox 326 4247 398 4308; x_wconf 75' lang='lat'><strong>107.</strong></span> <span class='ocrx_word' id='word_1_325' title='bbox 430 4247 614 4323; x_wconf 78' lang='lat' dir='ltr'><strong>Aptissime</strong></span> <span class='ocrx_word' id='word_1_326' title='bbox 644 4249 693 4310; x_wconf 91' lang='lat' dir='ltr'><strong>Bl.</strong></span> <span class='ocrx_word' id='word_1_327' title='bbox 725 4247 776 4309; x_wconf 75' lang='lat' dir='ltr'><strong>aul</strong></span> <span class='ocrx_word' id='word_1_328' title='bbox 815 4247 910 4326; x_wconf 77' lang='grc' dir='ltr'><strong>(δὴ)</strong></span> <span class='ocrx_word' id='word_1_329' title='bbox 948 4248 1005 4330; x_wconf 78' lang='grc' dir='ltr'><strong>γὰρ</strong></span> <span class='ocrx_word' id='word_1_330' title='bbox 1036 4247 1083 4311; x_wconf 74' lang='lat' dir='ltr'><strong>tal</strong></span> <span class='ocrx_word' id='word_1_331' title='bbox 1117 4258 1220 4327; x_wconf 82' lang='grc' dir='ltr'><em>κῶμον</em></span> <span class='ocrx_word' id='word_1_332' title='bbox 1248 4243 1368 4328; x_wconf 72' lang='grc' dir='ltr'>&lt;μέγ’&gt;</span> <span class='ocrx_word' id='word_1_333' title='bbox 1396 4245 1570 4324; x_wconf 76' lang='grc' dir='ltr'><em>ἀνθρώπων</em></span> 
     </span>
     <span class='ocr_line' id='line_1_38' title="bbox 291 4343 1569 4430; baseline 0.002 -24"><span class='ocrx_word' id='word_1_334' title='bbox 291 4343 350 4424; x_wconf 77' lang='grc' dir='ltr'><strong>ὁρῶ</strong></span> <span class='ocrx_word' id='word_1_335' title='bbox 370 4345 376 4430; x_wconf 86' lang='grc' dir='ltr'>Ι</span> <span class='ocrx_word' id='word_1_336' title='bbox 396 4351 515 4426; x_wconf 76' lang='grc' dir='ltr'><em>πλῆθος</em></span> <span class='ocrx_word' id='word_1_337' title='bbox 549 4349 683 4428; x_wconf 81' lang='grc' dir='ltr'><em>ιιροσιόν.</em></span> <span class='ocrx_word' id='word_1_338' title='bbox 715 4347 771 4410; x_wconf 73' lang='lat' dir='ltr'><strong>nri.</strong></span> <span class='ocrx_word' id='word_1_339' title='bbox 804 4384 839 4399; x_wconf 90' lang='lat'><em>-</em></span> <span class='ocrx_word' id='word_1_340' title='bbox 876 4352 928 4413; x_wconf 88' lang='lat' dir='ltr'><strong>Ita</strong></span> <span class='ocrx_word' id='word_1_341' title='bbox 958 4367 1068 4414; x_wconf 88' lang='lat' dir='ltr'><strong>carere</strong></span> <span class='ocrx_word' id='word_1_342' title='bbox 1099 4366 1276 4427; x_wconf 83' lang='lat' dir='ltr'><strong>possumus</strong></span> <span class='ocrx_word' id='word_1_343' title='bbox 1299 4347 1473 4411; x_wconf 88' lang='lat' dir='ltr'><strong>Headlami</strong></span> <span class='ocrx_word' id='word_1_344' title='bbox 1498 4363 1569 4409; x_wconf 88' lang='lat' dir='ltr'><strong>eon·</strong></span> 
     </span>
     <span class='ocr_line' id='line_1_39' title="bbox 291 4447 606 4529; baseline 0.006 -21"><span class='ocrx_word' id='word_1_345' title='bbox 291 4449 418 4511; x_wconf 84' lang='lat' dir='ltr'><strong>iectura</strong></span> <span class='ocrx_word' id='word_1_346' title='bbox 440 4447 606 4529; x_wconf 78' lang='grc' dir='ltr'><em>ἐπικώμων.</em></span> 
     </span>
    </p>

    <p class='ocr_par' dir='ltr' id='par_1_15' title="bbox 291 4550 1572 5036">
     <span class='ocr_line' id='line_1_40' title="bbox 335 4550 1571 4631; baseline 0.001 -22"><span class='ocrx_word' id='word_1_347' title='bbox 335 4553 569 4612; x_wconf 77' lang='grc' dir='ltr'><em>ΚΡΑΤΕΥΑΣ.</em></span> <span class='ocrx_word' id='word_1_348' title='bbox 610 4551 726 4615; x_wconf 88' lang='lat' dir='ltr'><strong>Kelbel</strong></span> <span class='ocrx_word' id='word_1_349' title='bbox 757 4553 870 4616; x_wconf 87' lang='lat' dir='ltr'><strong>Herm.</strong></span> <span class='ocrx_word' id='word_1_350' title='bbox 906 4555 1001 4631; x_wconf 83' lang='lat'><strong>1890,</strong></span> <span class='ocrx_word' id='word_1_351' title='bbox 1034 4571 1064 4630; x_wconf 94' lang='lat' dir='ltr'><strong>p.</strong></span> <span class='ocrx_word' id='word_1_352' title='bbox 1100 4553 1153 4614; x_wconf 85' lang='grc'><strong>80.</strong></span> <span class='ocrx_word' id='word_1_353' title='bbox 1188 4550 1330 4628; x_wconf 86' lang='lat' dir='ltr'><strong>,Verum</strong></span> <span class='ocrx_word' id='word_1_354' title='bbox 1364 4563 1484 4612; x_wconf 91' lang='lat' dir='ltr'><strong>nemen</strong></span> <span class='ocrx_word' id='word_1_355' title='bbox 1519 4553 1571 4611; x_wconf 87' lang='lat' dir='ltr'><strong>est</strong></span> 
     </span>
     <span class='ocr_line' id='line_1_41' title="bbox 293 4651 1570 4732; baseline 0.001 -21"><span class='ocrx_word' id='word_1_356' title='bbox 293 4651 435 4730; x_wconf 78' lang='grc' dir='ltr'><em>Κράιεια,</em></span> <span class='ocrx_word' id='word_1_357' title='bbox 467 4657 505 4714; x_wconf 90' lang='lat' dir='ltr'><strong>ut</strong></span> <span class='ocrx_word' id='word_1_358' title='bbox 539 4653 659 4729; x_wconf 87' lang='lat' dir='ltr'><strong>ubique</strong></span> <span class='ocrx_word' id='word_1_359' title='bbox 693 4658 782 4716; x_wconf 87' lang='lat' dir='ltr'><strong>recte</strong></span> <span class='ocrx_word' id='word_1_360' title='bbox 822 4656 1028 4732; x_wconf 84' lang='lat' dir='ltr'><strong>Athenaeus,</strong></span> <span class='ocrx_word' id='word_1_361' title='bbox 1072 4653 1223 4715; x_wconf 83' lang='lat' dir='ltr'><strong>mulieris</strong></span> <span class='ocrx_word' id='word_1_362' title='bbox 1262 4652 1313 4714; x_wconf 88' lang='lat' dir='ltr'><strong>vel</strong></span> <span class='ocrx_word' id='word_1_363' title='bbox 1348 4653 1457 4730; x_wconf 85' lang='lat' dir='ltr'><strong>petius</strong></span> <span class='ocrx_word' id='word_1_364' title='bbox 1491 4652 1570 4713; x_wconf 87' lang='lat' dir='ltr'><strong>deae</strong></span> 
     </span>
     <span class='ocr_line' id='line_1_42' title="bbox 291 4755 1572 4830; baseline 0 -17"><span class='ocrx_word' id='word_1_365' title='bbox 291 4768 426 4830; x_wconf 91' lang='lat' dir='ltr'><strong>nomen,</strong></span> <span class='ocrx_word' id='word_1_366' title='bbox 461 4755 547 4828; x_wconf 86' lang='lat' dir='ltr'><strong>quod</strong></span> <span class='ocrx_word' id='word_1_367' title='bbox 581 4756 615 4815; x_wconf 91' lang='lat' dir='ltr'><strong>in</strong></span> <span class='ocrx_word' id='word_1_368' title='bbox 650 4755 784 4817; x_wconf 86' lang='lat' dir='ltr'><strong>vasculo</strong></span> <span class='ocrx_word' id='word_1_369' title='bbox 827 4755 924 4817; x_wconf 91' lang='lat' dir='ltr'><strong>rubro</strong></span> <span class='ocrx_word' id='word_1_370' title='bbox 961 4755 1082 4830; x_wconf 79' lang='lat' dir='ltr'><strong>legitur</strong></span> <span class='ocrx_word' id='word_1_371' title='bbox 1116 4770 1182 4816; x_wconf 88' lang='lat' dir='ltr'><strong>una</strong></span> <span class='ocrx_word' id='word_1_372' title='bbox 1211 4770 1286 4816; x_wconf 90' lang='lat' dir='ltr'><strong>cum</strong></span> <span class='ocrx_word' id='word_1_373' title='bbox 1321 4755 1505 4813; x_wconf 75' lang='grc' dir='ltr'><em>ΚΑΒΙΡΟΣ</em></span> <span class='ocrx_word' id='word_1_374' title='bbox 1538 4756 1572 4814; x_wconf 88' lang='grc'><strong>61</strong></span> 
     </span>
     <span class='ocr_line' id='line_1_43' title="bbox 295 4855 1571 4933; baseline 0.002 -20"><span class='ocrx_word' id='word_1_375' title='bbox 295 4855 434 4914; x_wconf 85' lang='grc' dir='ltr'><em>ΜΙΤΟΣ</em></span> <span class='ocrx_word' id='word_1_376' title='bbox 464 4858 497 4916; x_wconf 87' lang='grc'><strong>61</strong></span> <span class='ocrx_word' id='word_1_377' title='bbox 528 4857 794 4916; x_wconf 80' lang='grc' dir='ltr'><em>ΠΡΑΤΟΛΑΟΣ.</em></span> <span class='ocrx_word' id='word_1_378' title='bbox 823 4855 869 4918; x_wconf 85' lang='lat' dir='ltr'><strong>Oi.</strong></span> <span class='ocrx_word' id='word_1_379' title='bbox 896 4857 931 4918; x_wconf 94' lang='grc'><strong>0.</strong></span> <span class='ocrx_word' id='word_1_380' title='bbox 961 4857 1064 4933; x_wconf 88' lang='lat' dir='ltr'><strong>Kern,</strong></span> <span class='ocrx_word' id='word_1_381' title='bbox 1098 4856 1150 4918; x_wconf 87' lang='lat' dir='ltr'><strong>die</strong></span> <span class='ocrx_word' id='word_1_382' title='bbox 1181 4856 1399 4918; x_wconf 85' lang='lat' dir='ltr'><strong>Boeotisehen</strong></span> <span class='ocrx_word' id='word_1_383' title='bbox 1428 4855 1571 4918; x_wconf 89' lang='lat' dir='ltr'><strong>Kablren</strong></span> 
     </span>
     <span class='ocr_line' id='line_1_44' title="bbox 293 4955 693 5036; baseline 0.005 -19"><span class='ocrx_word' id='word_1_384' title='bbox 293 4955 405 5018; x_wconf 87' lang='lat' dir='ltr'><strong>Herm.</strong></span> <span class='ocrx_word' id='word_1_385' title='bbox 433 4957 529 5036; x_wconf 86' lang='grc'><strong>1880,</strong></span> <span class='ocrx_word' id='word_1_386' title='bbox 555 4959 574 5018; x_wconf 88' lang='grc'>9</span> <span class='ocrx_word' id='word_1_387' title='bbox 598 4959 693 5032; x_wconf 81' lang='lat' dir='ltr'><strong>sqq’·</strong></span> 
     </span>
    </p>

    <p class='ocr_par' dir='ltr' id='par_1_16' title="bbox 252 5055 1548 5138">
     <span class='ocr_line' id='line_1_45' title="bbox 252 5055 1548 5138; baseline 0.001 -21"><span class='ocrx_word' id='word_1_388' title='bbox 252 5057 301 5118; x_wconf 79' lang='lat' dir='ltr'><strong>l&#39;r.</strong></span> <span class='ocrx_word' id='word_1_389' title='bbox 327 5058 399 5134; x_wconf 89' lang='lat'><strong>108,</strong></span> <span class='ocrx_word' id='word_1_390' title='bbox 426 5061 455 5120; x_wconf 89' lang='grc'><strong>6.</strong></span> <span class='ocrx_word' id='word_1_391' title='bbox 481 5059 560 5120; x_wconf 89' lang='lat' dir='ltr'><strong>Post</strong></span> <span class='ocrx_word' id='word_1_392' title='bbox 584 5055 747 5138; x_wconf 73' lang='grc' dir='ltr'><em>ἅνθρωπος</em></span> <span class='ocrx_word' id='word_1_393' title='bbox 772 5061 860 5120; x_wconf 83' lang='grc'><strong>16616</strong></span> <span class='ocrx_word' id='word_1_394' title='bbox 883 5059 1108 5133; x_wconf 79' lang='lat' dir='ltr'><strong>interrogandi</strong></span> <span class='ocrx_word' id='word_1_395' title='bbox 1131 5059 1264 5132; x_wconf 84' lang='lat' dir='ltr'><strong>signum</strong></span> <span class='ocrx_word' id='word_1_396' title='bbox 1287 5057 1364 5132; x_wconf 92' lang='lat' dir='ltr'><strong>poni</strong></span> <span class='ocrx_word' id='word_1_397' title='bbox 1387 5058 1477 5119; x_wconf 89' lang='lat' dir='ltr'><strong>iubet</strong></span> <span class='ocrx_word' id='word_1_398' title='bbox 1500 5059 1548 5119; x_wconf 90' lang='lat' dir='ltr'><strong>Bl.</strong></span> 
     </span>
    </p>
   </div>
   <div class='ocr_carea' id='block_1_4' title="bbox 0 0 1889 5792">
    <p class='ocr_par' dir='ltr' id='par_1_17' title="bbox 0 0 1889 5792">
     <span class='ocr_line' id='line_1_46' title="bbox 0 0 1889 5792; baseline 0 0"><span class='ocrx_word' id='word_1_399' title='bbox 0 0 1889 5792; x_wconf 95' lang='lat' dir='ltr'><strong> </strong></span> 
     </span>
    </p>
   </div>
  </div>
 </body>
</html>
