3718 5788
950 504 1014 562 214

321 688 371 747 Fr.
397 687 472 748 i'lb.
504 685 568 748 (lur
590 687 638 748 Bl.
670 687 767 749 malit
796 691 857 759 τοῖς
887 686 985 768 λόγοις
1017 686 1139 749 vellem
1169 685 1381 762 explicasset,
1413 686 1523 760 aptius
1551 687 1642 747 enim

366 787 495 849 videtur
524 789 682 850 traditum
713 799 752 872 οφ
782 787 874 873 λόγῳ,
903 789 1091 864 oppositum
1120 796 1159 870 τῷ
1183 785 1268 871 ἔργῳ.
1297 787 1359 847 Sed
1381 802 1518 864 prorsus
1540 787 1642 848 incre·

364 888 462 950 dibile
484 892 536 950 est
558 890 699 950 eundem
722 891 756 950 in
780 890 819 952 11.
843 891 908 951 778
932 904 1112 967 proponere
1135 903 1254 950 ausum
1278 904 1368 951 esee:

674 991 765 1068 φύσει
788 992 875 1063 (8161)
900 988 976 1070 ἔχειν
999 987 1122 1070 ἄριστόν
1146 987 1205 1050 ἐστι
1228 988 1284 1051 κτὲ.

363 1091 498 1153 Tradita
520 1093 684 1168 scriptura
706 1093 788 1154 nihil
810 1094 927 1154 sanius
950 1093 1087 1169 cogitari
1110 1094 1230 1168 potest.

319 1194 370 1254 Fr.
397 1193 545 1255 77881.
580 1195 635 1256 cli.
663 1195 781 1256 ’161661
813 1195 844 1255 II
872 1196 936 1255 882
961 1195 1000 1256 M.
1033 1197 1065 1256 61
1097 1195 1265 1257 Menandri
1287 1195 1326 1256 ir.
1351 1194 1426 1271 321,
1452 1194 1482 1254 2.
1513 1194 1643 1254 Similia

363 1296 469 1356 multa
491 1296 565 1356 addi
589 1298 737 1372 possunt.

319 1397 371 1456 Fr.
396 1397 470 1458 782,
496 1397 533 1458 In
557 1397 733 1458 verisimili
755 1398 872 1460 Koclrii
891 1398 1079 1459 coniectura
1102 1394 1270 1478 <ἐχάρην>
1287 1391 1422 1474 Ἑκάβην
1441 1391 1643 1468 ὀοοιύζονοαν

363 1494 419 1556 uri.
451 1499 534 1568 (coll.
565 1499 647 1559 Rau.
676 1500 771 1570 1028)
802 1499 977 1574 Blaydesio
1008 1499 1215 1574 displicuisse
1244 1499 1393 1574 suspicor
1422 1496 1535 1576 χαίρειν
1565 1513 1642 1558 611111

363 1614 444 1676 arc,
469 1599 579 1660 minus
601 1601 741 1662 feliciter
760 1602 953 1678 proponenti
975 1595 1086 1664 <elion
1105 1596 1178 1664 δ’).
1202 1604 1247 1664 Α1
1266 1603 1305 1662 61.
1326 1602 1366 1662 (16
1388 1601 1450 1660 hac
1474 1602 1644 1662 structura

362 1701 437 1761 Eur.
460 1701 557 1777 Hipp.
584 1704 679 1764 1340.
705 1703 803 1764 Rhes.
828 1704 893 1764 390
917 1707 951 1764 61
974 1703 1187 1765 Valckenaer.
1211 1704 1252 1764 ad
1274 1703 1396 1763 Phoen.
1422 1703 1500 1775 ‘lll;
1525 1702 1643 1776 quodsi

362 1818 440 1864 vero
469 1819 550 1864 num
581 1804 669 1865 idem
701 1819 781 1866 usus
811 1805 945 1866 comicis
969 1805 1168 1866 concedatur
1191 1803 1336 1881 dubitas,
1361 1802 1444 1864 1111111
1466 1805 1560 1864 vetat
1580 1818 1643 1863 noe

361 1918 493 1965 sumere
527 1905 560 1965 in
590 1906 794 1980 praegressis
824 1907 927 1968 161666
951 1905 1024 1966 ἰδών
1055 1907 1267 1982 (iungendum
1292 1921 1368 1966 cum
1392 1903 1526 1984 ἐχάρην),
1556 1906 1642 1966 unde

360 2005 513 2080 suspensi
536 2007 658 2068 fuerint
681 2009 873 2070 accusativi.

317 2108 368 2168 Fr.
394 2108 468 2168 784.
497 2107 683 2184 ,λιβανωτοῦ
707 2110 777 2171 1666
801 2111 1012 2186 inexpectato
1034 2125 1092 2186 pro
1116 2107 1218 2189 βοός.”
1242 2109 1291 2171 Β1.

318 2209 368 2269 Tr.
394 2209 468 2270 790.
493 2209 539 2270 Oi.
564 2211 665 2272 Arist.
690 2211 823 2274 Thesm.
849 2213 913 2273 529
936 2228 985 2287 sq.
1010 2215 1044 2273 et
1067 2211 1258 2272 scholia-
1277 2212 1418 2272 Metrum
1441 2225 1514 2272 6666
1537 2211 1639 2272 chori·

362 2310 529 2370 ambicum
552 2314 667 2372 monet
690 2312 737 2373 Bl.

317 2413 368 2472 Fr.
393 2413 469 2472 793.
500 2410 597 2488 αὐτὴ
628 2421 702 2471 νῦν
724 2408 743 2490 ἡ
767 2413 888 2489 σοφία
912 2415 966 2497 ζῇ·
991 2410 1137 2485 ἐπίτονος
1161 2411 1402 2490 εὐδοκιμοῦντος.
1426 2414 1514 2475 Β.Α.
1540 2415 1640 2489 9,16.

363 2515 460 2589 „Sine
491 2515 588 2575 dubio
620 2531 695 2576 cum
725 2515 830 2577 ironia
852 2517 1013 2576 dictum.”
1044 2515 1146 2577 Koclr.
1170 2515 1235 2592 Ita,
1260 2516 1319 2576 sed
1342 2515 1503 2577 incertum
1528 2517 1640 2576 utrum

361 2615 441 2676 haec
464 2610 510 2677 sit
533 2631 612 2677 vera
634 2616 731 2678 lectio
751 2632 792 2678 an
812 2617 921 2692 potius
941 2615 1054 2694 αὕοηε
1079 2617 1169 2678 1616
1192 2619 1273 2686 (16111
1297 2632 1400 2693 prava
1422 2617 1504 2686 soil.)
1532 2631 1639 2678 nunc

364 2717 481 2790 viget
504 2717 739 2792 sapientiai

317 2818 469 2878 116798.
504 2819 812 2881 Pseudo-lucianum
847 2835 889 2880 ex
923 2822 1002 2881 noto
1037 2819 1190 2893 Equitum
1230 2819 1302 2881 loco
1336 2819 1510 2895 scripsisse
1543 2817 1639 2898 ὅροις

362 2923 430 2993 (pro
454 2918 559 2991 αὐτοῦ)
591 2918 734 2992 ἐπάταξεν
766 2922 844 2981 olim
876 2923 1009 2983 conieci.
1041 2921 1133 2981 Idem
1157 2937 1244 2982 nunc
1268 2925 1305 2983 ut
1327 2937 1425 2983 suum
1449 2921 1569 2998 repetit
1590 2921 1637 2980 Bl.

360 3020 478 3081 Hicin
502 3021 656 3097 Diogenis
679 3022 751 3084 looc
774 3022 861 3083 delet
884 3021 926 3100 εἰ,
951 3023 1013 3085 sub
1037 3039 1101 3099 quo
1123 3023 1266 3085 fortasse
1289 3024 1370 3085 latet
1394 3021 1446 3083 du.

317 3122 368 3182 Fr.
392 3122 467 3182 800.
492 3121 680 3184 Demetrius
710 3123 750 3184 de
781 3124 964 3185 elocutione
997 3127 1078 3187 161:
1103 3159 1145 3168 —
1169 3121 1217 3184 lul
1248 3120 1280 3184 sl
1308 3133 1367 3184 τῶν
1393 3125 1520 3206 Θρᾳκῶν
1543 3121 1638 3202 ἕτερος

363 3221 792 3301 (6011116118)ὅτιΜηδόκης
813 3221 828 3284 ὁ
848 3225 1038 3304 βασιλεὺς
1057 3228 1154 3305 βοῦν
1175 3224 1315 3304 ἔφερεν
1336 3223 1428 3287 ὅλον
1448 3223 1487 3286 ἕν
1506 3225 1637 3310 γνάθῳ-

405 3323 541 3385 Dixerat
563 3325 704 3386 fortasse
727 3329 842 3402 poeta:

1178 3428 1328 3508 Μηδόκης

582 3529 661 3606 βοῦν
684 3526 789 3608 ἔφερεν
814 3529 885 3590 ὅλον
909 3528 941 3590 ἕν
964 3535 1049 3590 τοῖν
1072 3529 1246 3610 γνάθοιν
1269 3546 1407 3614 ῦ-υει.

316 3628 367 3688 Tr.
392 3629 467 3689 807.
499 3629 593 3704 Apud
623 3629 802 3691 Zenobiam
834 3631 1033 3706 probabilius
1057 3632 1204 3694 Meinelre
1227 3631 1352 3692 οἰκοῦσα
1376 3631 1517 3693 66616611
1538 3646 1639 3706 quam

360 3729 408 3790 Bl.
434 3727 489 3789 οὐκ
513 3727 571 3808 ἔχει
606 3747 664 3807 pro
689 3730 788 3803 οἰκεῖς.

315 3830 366 3889 Tr.
392 3831 466 3892 814.
500 3832 739 3894 Tertullianum
769 3834 928 3910 tragici
958 3851 1015 3911 pro
1046 3836 1198 3897 comici
1227 3835 1370 3896 seribere
1393 3834 1546 3895 debuisse
1568 3835 1639 3894 iure

360 3935 474 3992 monet
497 3933 620 3994 Nauck.
645 3936 717 3998 1161.
742 3936 786 3994 VI
809 3952 840 4012 p.
867 3938 939 3997 166.

315 4033 365 4094 Fr.
390 4034 465 4094 818.
491 4034 665 4096 Eustathio
689 4033 705 4095 ὁ
729 4035 966 4116 ὑποκρινόμενος
990 4053 1047 4112 pro
1071 4034 1316 4114 ὁοκωοεεόμενος
1340 4036 1433 4098 reddi
1456 4037 1636 4113 inhabili,

359 4135 432 4196 coll.
457 4136 559 4196 schol.
584 4137 666 4199 Ran.
692 4140 744 4199 55.

315 4236 366 4296 Fr.
392 4237 562 4299 84811111.
588 4255 688 4315 supra
711 4240 750 4300 ad
775 4239 813 4300 fr.
840 4240 914 4300 381.

315 4337 365 4398 Fr.
391 4339 465 4400 860.
490 4339 812 4418 παρακεκινηκὼς
836 4335 884 4416 ὐφΙ
913 4336 1038 4418 ἡλικίας.
1063 4340 1143 4402 Poll.
1169 4341 1201 4401 II
1227 4344 1278 4402 16.
1303 4341 1351 4402 Bl.
1376 4340 1518 4402 coniecit
1540 4361 1637 4420 παρα-

358 4438 521 4517 νενοηκὼς,
544 4441 680 4515 quodsi
705 4457 827 4528 verum
842 4445 945 4519 66661,
974 4442 1091 4503 Pollux
1114 4442 1146 4503 id
1169 4443 1286 4504 statim
1310 4443 1538 4504 coniunxisset
1560 4458 1637 4504 cum

356 4556 548 4616 praegresso
579 4552 750 4621 παρανοῶν.
781 4544 843 4604 Sed
874 4545 997 4619 optime
1028 4559 1064 4604 se
1095 4544 1215 4606 habere
1245 4545 1416 4619 vulgatam
1442 4544 1637 4622 :peppvdg

357 4641 516 4718 Platonis,
542 4644 783 4721 Xenophontio,
809 4646 1010 4720 Theopompi
1034 4646 1173 4707 aliorum
1196 4647 1390 4708 testimonia
1412 4646 1578 4708 evincunt.

314 4743 365 4804 Fr.
391 4744 466 4804 879.
499 4745 599 4807 Recte
634 4747 721 4808 idem
757 4763 814 4823 pro
849 4742 1008 4825 ὀνυχιμαῖο
1043 4747 1211 4821 postulare
1241 4744 1380 4826 ὀνυχιαῖα
1410 4748 1551 4808 videtur.
1587 4746 1635 4809 Gi.

357 4844 511 4922 ποδιαῖος,
532 4851 697 4926 πυγμαῖος,
720 4853 881 4925 πηχυαῖος,
903 4851 1111 4924 uniuersales,
1135 4848 1210 4910 alia.

314 4946 366 5007 Fr.
392 4947 467 5008 880.
500 4943 657 5026 ὀξερίας
696 4948 784 5025 τορός
820 4951 877 5010 vix
908 4966 1038 5012 sanum.
1074 4951 1174 5011 Recte
1210 4951 1354 5012 fortasse
1389 4950 1521 5030 ξερίας
1550 4952 1634 5022 (1.6.

357 5047 457 5127 ξηρὸς)
482 5049 623 5110 66616611
646 5050 793 5113 Schulze.
