3748 5792
882 531 942 593 131

294 721 370 780 Sine
404 735 505 782 causa
537 736 603 782 non
638 722 773 782 servata
797 722 848 781 est
880 719 949 781 cod.
974 721 1004 778 A
1033 717 1196 780 Athenaei
1227 718 1325 780 lectio
1356 715 1440 777 αίεί.
1471 717 1571 779 Recte

295 821 413 882 deinde
436 822 559 883 Nabar:

1111 917 1218 1001 τέχνην

563 1023 708 1102 κοινὴν
730 1023 880 1104 πορίζετοί
902 1045 938 1084 τε
961 1016 1054 1083 δεῖπν’
1080 1019 1244 1102 ἀσύμβολα.

297 1123 366 1201 Quo
396 1127 492 1200 pacto
522 1128 635 1187 sutem
658 1127 707 1188 Bi.
738 1127 873 1204 accepta
895 1127 957 1186 hac
980 1125 1180 1187 correctione
1201 1125 1287 1185 tueri
1310 1126 1417 1200 possit
1437 1145 1483 1205 γε,
1504 1126 1574 1201 ipse

299 1225 427 1288 viderit.
452 1226 544 1288 Idem
565 1230 648 1290 vad
668 1229 808 1291 coniecit
827 1223 843 1289 δ
866 1236 925 1288 τῶν
949 1225 1099 1308 μαγείρων
1122 1227 1234 1287 minus
1253 1231 1342 1288 recta
1360 1243 1459 1302 quam
1473 1228 1578 1290 Bothe

298 1331 392 1388 τοῖσιν
416 1328 577 1409 μαγείροις.

249 1430 305 1492 Fr.
330 1432 406 1507 261,
434 1433 461 1492 1.
497 1428 641 1510 ἠβούλετο
672 1433 759 1503 (soil,
790 1429 955 1512 γενέσθαι).
992 1432 1069 1492 Sine
1098 1446 1200 1493 causa
1230 1429 1444 1492 casaubonus
1467 1432 1578 1509 inepte

300 1527 450 1611 ι’γτιείγετο,
480 1535 514 1594 et
541 1534 724 1596 novissime
755 1534 803 1596 Bl.
835 1531 979 1613 ἐγίγνετο,
1010 1533 1216 1607 ineleganter
1246 1534 1322 1608 post
1344 1531 1512 1613 γενόμενος.
1537 1566 1579 1575 -

299 1631 400 1695 Vae
432 1631 552 1718 ἐλᾴδιον
582 1635 642 1712 Bt,
676 1635 750 1696 coll.
783 1635 906 1698 Oratin.
930 1635 962 1695 ΙΙ
986 1635 1038 1710 88,
1071 1637 1128 1695 aut
1155 1629 1237 1693 trev
1260 1632 1376 1711 σκάφη,
1399 1634 1483 1708 quod
1507 1634 1578 1695 ridi·

300 1735 429 1809 culum;
454 1736 534 1798 illud
559 1738 821 1800 consideratione
844 1739 979 1813 dignum
1004 1736 1146 1798 uidetur.

253 1837 308 1896 Fr.
333 1837 407 1914 262,
434 1838 463 1898 2.
496 1838 545 1900 Bl.
578 1837 810 1917 διολλοιξάμενος
842 1841 899 1900 aut
928 1836 1180 1916 μεταλλαξάμενος
1210 1833 1307 1920 ᾔθεον
1337 1841 1424 1907 (eum
1449 1836 1580 1908 (iubeto)

300 1937 377 2014 βίον.
399 1938 508 2000 'l'enao
531 1940 616 2014 quod
639 1941 793 2016 proposui
818 1938 1063 2019 διαγραψοίμενος
1090 1937 1203 1998 <τδν>
1229 1931 1305 2014 ἡδίω
1329 1938 1412 2017 βίον,
1434 1939 1504 2000 scil.
1529 1939 1582 2000 τόν

300 2035 427 2118 δ’γαμον.
450 2040 650 2102 Rectissime
670 2043 761 2104 Koclr
782 2043 1004 2118 impugnavit,
1026 2055 1125 2116 quam
1145 2039 1233 2103 malo
1253 2055 1341 2101 nunc
1360 2041 1408 2102 Bl.
1422 2041 1581 2118 defendit,

301 2140 467 2202 infelicem
491 2141 605 2204 uoueri
627 2144 868 2220 coniecturam,
899 2142 958 2204 sed
985 2141 1246 2204 immodulatum
1270 2143 1340 2217 ipse
1364 2145 1398 2204 et
1419 2142 1582 2218 inelegan-

302 2244 371 2303 tem
402 2257 536 2305 versum
566 2244 718 2319 procudit
747 2249 868 2324 γαμεῖν,
890 2240 1048 2316 διαπλέξας
1072 2238 1110 2301 ἂν
1134 2239 1225 2319 μόνος
1252 2237 1328 2320 ἡδίω
1351 2242 1439 2323 βίον..
1462 2243 1508 2304 De
1531 2259 1580 2304 vs.

304 2345 323 2403 3
347 2359 395 2418 sq.
419 2349 550 2422 κρεῖττον
575 2379 616 2389 -
641 2349 754 2423 μᾶλλον
776 2342 797 2425 ἢ
820 2346 869 2408 Bl.
895 2346 951 2407 oft.
976 2348 1031 2406 Ar.
1056 2344 1138 2406 Nub.
1167 2345 1262 2406 1215.

261 2445 310 2504 Fr.
336 2446 411 2523 263,
436 2448 465 2508 2.
490 2446 573 2509 Nub.
598 2448 663 2508 964
688 2447 743 2509 cit.
769 2448 817 2509 Bl.
840 2446 949 2508 -Va
975 2448 1005 2507 4.
1030 2444 1133 2523 μηδείς
1160 2440 1293 2509 <norb
1320 2446 1407 2507 idenr
1430 2448 1464 2506 et
1487 2461 1536 2507 vs.
1562 2447 1581 2506 ὅ

304 2561 361 2622 pro
403 2548 506 2626 λαβεῖν
547 2551 672 2626 μαδεῖν,
717 2549 804 2624 quod
853 2563 918 2610 non
965 2547 1132 2623 intellego.
1174 2547 1300 2609 Dobree
1340 2543 1427 2632 ἒιίρτγ
1469 2546 1583 2623 procui

304 2647 401 2709 dubio
431 2650 532 2710 recte.

264 2749 314 2810 rr.
339 2749 413 2825 264,
440 2751 470 2810 5.
561 2746 582 2828 ἢ
604 2749 855 2811 πλουσιακὸν
877 2749 999 2836 τούτῳ
1022 2749 1200 2830 προσπίπτει
1223 2747 1326 2810 κακόν.

306 2849 539 2925 Corrigendum
562 2850 708 2913 videtur:

548 2946 920 3030 ἣ’νθοοσιοστικόν
943 2975 978 3013 τι
1000 2951 1179 3031 προσπίπτει
1201 2951 1304 3014 κακόν.

307 3055 376 3132 aut,
401 3054 430 3114 ei
453 3067 634 3129 pronomen
658 3055 883 3116 necessarium
907 3055 1072 3116 videatur:

551 3149 837 3233 ἢ’νθουσιοιστικὸν
860 3150 1020 3234 προσέπεσ’
1046 3153 1126 3238 αὐτῷ
1150 3153 1253 3214 κακόν.

307 3259 377 3316 aut
400 3256 638 3317 fanaticum
657 3271 749 3317 eum
771 3257 936 3318 invasit
956 3256 1119 3318 malum.
1139 3255 1185 3316 De
1198 3256 1431 3318 semivirorum
1444 3256 1584 3332 Cybelae

307 3357 395 3418 cultu
415 3357 553 3433 cogitari
571 3359 703 3434 poterit.
726 3358 760 3419 Is
786 3359 842 3434 qui
865 3361 974 3420 totum
991 3371 1109 3434 corpus
1127 3373 1225 3419 suum
1245 3358 1370 3434 expilat
1389 3361 1423 3420 et
1441 3359 1586 3435 laevigat

307 3461 364 3519 aut
382 3461 573 3521 scortum
593 3462 646 3521 est
665 3461 723 3521 aut
742 3460 971 3535 fanaticus,
993 3461 1071 3535 quin
1088 3460 1176 3522 enim
1189 3475 1238 3520 vs.
1251 3461 1271 3520 3
1284 3462 1373 3521 recte
1385 3461 1584 3522 correxerim

306 3555 371 3636 ἤτοι
401 3557 458 3640 γὰρ
487 3557 627 3638 ἑταιρεῖν,
656 3560 895 3636 (,desideratur
926 3562 992 3626 tale
1023 3561 1122 3635 quid”
1146 3559 1250 3638 Koclr)
1282 3561 1316 3622 et
1344 3561 1422 3623 ferri
1445 3563 1586 3637 nequeat

306 3660 444 3736 probata
470 3675 489 3722 a
512 3661 686 3736 Biaydesio
709 3662 849 3723 Iacobsii
873 3657 1105 3740 coniecturali
1129 3661 1346 3740 μοστροτιεδειν
1376 3662 1464 3737 (quid
1495 3663 1584 3724 enim

307 3777 429 3836 quaeso
459 3762 604 3824 lenoni
635 3778 710 3824 cum
733 3763 853 3825 barbae
881 3764 1085 3842 pilorumque
1116 3763 1300 3833 assentiar)
1324 3764 1484 3839 temporis
1507 3779 1584 3839 pun·

307 3865 398 3924 ctum
429 3878 495 3924 uon
525 3864 646 3927 dubito.
671 3897 714 3908 —
737 3864 794 3928 Vs.
819 3868 849 3929 5.
882 3863 1087 3945 ἀντιπράττειν
1117 3867 1151 3926 et
1181 3879 1257 3925 cum
1283 3864 1431 3927 Iacobsio
1455 3861 1585 3925 ἐπινοεῖν

307 3966 396 4026 recte
418 3964 479 4040 BL,
503 3965 558 4039 qui
581 3967 693 4029 minus
716 3966 928 4042 probabiliter
952 3967 1043 4028 addit
1065 3963 1169 4024 ἀντίον
1192 3964 1331 4044 πράττειν
1354 3970 1441 4038 νοεῖς.
1532 4043 1537 4050 ¹

267 4065 316 4126 rr.
345 4066 420 4142 265,
445 4069 475 4126 4.
507 4062 590 4138 ἀξιοῖ
616 4082 674 4144 pro
710 4066 802 4127 οῖεται
826 4083 958 4129 mecum
980 4067 1047 4142 Bl.;
1071 4067 1101 4127 si
1126 4064 1217 4126 οῖεται
1240 4082 1361 4128 sanum
1385 4070 1451 4144 est,
1476 4082 1585 4128 ueces-

308 4168 396 4228 sario
425 4166 610 4229 addendum
637 4171 689 4230 est
711 4168 789 4246 δεῖν,
812 4170 895 4244 quod
918 4170 952 4229 in
976 4169 1081 4229 altera
1104 4183 1180 4228 mea
1203 4167 1394 4229 coniectura
1420 4168 1498 4229 fecit
1517 4182 1587 4244 pro·

309 4282 433 4342 ponens
456 4267 518 4326 δεῖν
542 4257 585 4326 ὧν
608 4283 665 4343 pro
689 4259 732 4327 δν
755 4264 819 4346 μὲν,
840 4269 898 4330 sed
922 4268 1120 4344 particulam
1143 4265 1198 4346 μίν
1221 4267 1332 4344 potius
1356 4271 1529 4330 servarim.
1545 4303 1586 4313 -

310 4367 365 4430 Ve.
391 4369 421 4430 7.
445 4358 486 4428 αὖ
509 4367 614 4447 καιρόν
637 4391 703 4430 τινα
728 4373 853 4432 temere
877 4370 925 4432 el.

270 4469 318 4530 Fr.
343 4471 417 4531 266.
1043 4468 1084 4549 μὴ
1109 4469 1203 4552 ὥρασι
1226 4466 1280 4549 μὲν

498 4567 542 4630 τὰ
564 4579 638 4631 τῶν
660 4580 792 4632 κακῶν
815 4565 905 4632 ἵκοιθ’
933 4567 949 4633 ὁ
973 4569 1043 4644 τοὺς
1066 4570 1200 4650 θερμοὺς
1224 4571 1342 4651 φαγών.

312 4670 394 4747 Quia
426 4668 468 4748 μὴ
503 4669 596 4750 ὥρασι
620 4705 661 4717 -
685 4671 777 4734 ἵκοιτο
798 4695 840 4722 =
860 4669 1015 4750 ἀπόλοιτο,
1049 4676 1124 4748 epte
1160 4673 1342 4734 correxeris
1377 4675 1436 4735 8111
1469 4673 1589 4746 κακὸς

312 4779 437 4844 κακῶς
468 4775 526 4833 eut
556 4772 693 4846 αὐτοῖς
722 4779 878 4852 κακοῖς,
915 4774 987 4836 coll.
1021 4774 1077 4836 Ar.
1102 4774 1258 4848 Equitum
1288 4774 1394 4836 initio.
1421 4805 1461 4818 -
1486 4773 1543 4836 VS.
1569 4776 1587 4836 7

312 4874 455 4950 pessime
484 4877 594 4936 tentat
623 4877 684 4953 el,
708 4877 766 4938 sed
797 4892 845 4938 us.
871 4877 891 4936 8
918 4875 1060 4937 fortasse
1084 4877 1174 4936 recte
1197 4877 1368 4950 proposuit
1391 4873 1509 4953 εὐτελής
1532 4891 1590 4951 pro

312 4974 443 5057 εὐχερής,
465 4977 551 5051 quod
574 4977 653 5039 ferri
677 4979 802 5053 nequit.

273 5073 320 5137 δε.
344 5075 419 5154 268,
444 5076 474 5139 e.
510 5077 630 5158 μιγίστρ
659 5078 847 5154 postulatur
878 5077 1059 5156 sententia,
1091 5079 1200 5154 agitur
1229 5079 1318 5141 enim
1342 5077 1381 5139 da
1405 5077 1591 5140 insularum
