3748 5792
851 515 915 576 109

260 697 434 758 lectionem
468 699 592 773 optime
626 701 752 762 tuearis
786 701 977 778 Sophocleis
1010 702 1077 762 illie
1112 702 1159 763 lli.
1195 704 1279 764 1059
1314 703 1384 775 τοὺς
1421 702 1543 766 ἄνωθεν

265 799 509 878 φρονιμωτάτους
533 799 669 874 οἰωνούς.

218 901 270 963 rr.
296 903 348 976 29,
376 904 403 964 1.
439 901 488 963 Bi.
519 911 571 980 τῆς
604 903 708 976 πενίας
739 903 833 964 ὅπλον
861 899 942 969 (ἔστ’
977 901 1128 984 ἄριστον)
1160 901 1378 984 ἡΙπαρρηοία
1410 922 1542 969 mecum

262 1005 412 1065 inserens
437 1000 574 1082 ἄριστον,
596 1007 653 1067 sed
677 1007 765 1068 recte
789 1021 929 1068 servans
952 1006 1144 1082 articulum,
1169 1008 1242 1070 coll.
1267 1009 1350 1070 bien.
1375 1024 1463 1070 mon.
1488 1011 1541 1072 49.
1612 1039 1617 1048 ·

264 1103 310 1168 Oi.
336 1106 409 1166 liur.
430 1106 469 1168 ir.
490 1108 531 1167 91
553 1103 658 1184 iick².,
683 1112 719 1170 ut
742 1109 870 1169 correxi
893 1109 1003 1170 locum
1027 1110 1316 1186 corruptissimum
1337 1111 1450 1173 llxerc
1471 1113 1541 1174 crit.

264 1223 294 1282 p.
318 1208 360 1269 33
384 1204 517 1285 ἆερίκεια
541 1205 573 1268 ti
594 1205 599 1286 Ι
619 1206 740 1287 α’ίριοτον
763 1206 873 1289 ἀνδρὸς
897 1209 990 1271 ὅπλον
1014 1208 1135 1271 ἐνδίκου
1157 1210 1247 1272 πέλει.

219 1308 269 1370 l'r.
295 1311 347 1370 34.
383 1311 477 1386 Apud
514 1312 722 1372 Athenaeum
758 1327 800 1373 ex
832 1311 906 1373 aliis
936 1312 1017 1374 locis
1047 1313 1096 1374 Bl.
1129 1313 1262 1388 corrigit
1292 1310 1402 1392 ὄρμενα
1426 1313 1460 1374 τὰ
1484 1331 1542 1391 pro

262 1409 389 1488 ὄρμενον
417 1410 483 1490 τὸν,
513 1412 570 1474 sed
601 1413 717 1475 eodem
740 1413 811 1475 iure
841 1415 950 1489 possis
972 1413 1066 1475 τὸ-
1088 1412 1257 1492 ίξηνθηκὸς
1282 1417 1351 1486 (aul
1374 1411 1540 1494 ἐξοίνθημοι

263 1530 320 1590 pro
343 1513 456 1575 τὸν-
481 1513 677 1593 ἐξηνθηκότα.
735 1563 739 1568 .

218 1615 267 1676 Fr.
293 1618 345 1678 35.
382 1618 513 1693 Optime
544 1616 646 1680 Cobet
676 1615 780 1695 τέχνην
810 1634 868 1694 pro
892 1618 1004 1697 ψυχήν.
1036 1619 1173 1682 ‘tirones
1195 1621 1351 1681 monendi
1372 1617 1479 1698 τέχνην
1502 1622 1541 1683 de

261 1735 350 1780 more
373 1720 494 1780 abiisse
517 1720 551 1780 in
575 1719 678 1798 τύχην,
701 1720 776 1795 hoc,
798 1723 835 1782 ut
853 1721 940 1782 solet
960 1736 1049 1783 error
1068 1737 1212 1784 errorem
1232 1737 1362 1798 parere,
1383 1723 1540 1802 ἰητρικήν.

259 1819 420 1896 Perpetua
443 1823 476 1882 in
500 1823 552 1882 his
575 1825 694 1898 regnat
716 1822 876 1884 conlusio.

217 2003 415 2090 Philotaeri
440 2025 478 2087 ir.
501 2023 689 2102 1,1.ἐνίπιε
714 2027 765 2087 vel
788 2023 890 2087 ἐπίπιε
913 2027 1004 2097 (illud
1023 2030 1113 2089 certe
1129 2028 1259 2096 melius)
1280 2029 1343 2104 BL,
1368 2029 1425 2091 sed
1449 2046 1538 2092 ener-

259 2127 403 2202 geticum
416 2125 556 2205 tolerare,
570 2143 667 2203 quarn
673 2129 723 2189 vie
735 2144 821 2190 nove
829 2129 969 2206 dictum,
984 2145 1048 2192 non
1061 2131 1308 2192 sollicitandum
1320 2131 1459 2212 videtur,
1468 2133 1539 2193 eive

259 2238 296 2310 τρο
315 2227 437 2307 στόματι
455 2233 694 2308 praecesserat,
715 2231 787 2292 sive
805 2233 1018 2308 cogitandum
1032 2236 1094 2295 est.
1109 2233 1142 2295 Si
1155 2234 1228 2308 quie
1240 2233 1377 2295 verbum
1390 2235 1536 2296 medium

258 2333 408 2408 requirit,
450 2333 572 2407 possit:
618 2330 763 2410 μεστὴν
804 2328 1011 2394 ἒνεοείοαί
1048 2333 1116 2396 ἴσον
1157 2334 1212 2420 ἴσῳ
1242 2336 1464 2413 μετανιπτρίδα.
1503 2339 1536 2398 Si

258 2429 534 2495 tarantasmum
558 2437 610 2496 eet
636 2433 778 2504 (ἐπειπὼν
802 2436 958 2512 Schwh.),
982 2435 1159 2513 significat,
1184 2439 1221 2498 ut
1239 2452 1351 2513 saepe,
1376 2439 1537 2516 προειπών.

218 2535 267 2596 Fr.
292 2537 367 2611 3,1.
392 2537 550 2612 Proposui
573 2536 704 2616 τροχάοο
719 2531 773 2618 ’ρώ
793 2553 851 2615 pro
870 2538 1016 2617 τροχάζω,
1036 2538 1146 2600 deleto
1165 2541 1213 2609 (ut
1232 2539 1323 2610 olim)
1344 2542 1425 2600 ve.3
1446 2538 1535 2618 ὑπερ-

259 2636 374 2715 δραμῶ,
398 2641 434 2700 ut
456 2654 474 2700 e
500 2654 547 2699 vs.
572 2640 591 2698 2
622 2641 776 2701 audiatur
804 2637 977 2719 ὑπερβαλῶ,
998 2641 1057 2702 sed
1081 2644 1169 2702 recte
1192 2641 1253 2702 hoc
1275 2656 1375 2702 sensu
1399 2642 1534 2704 verbum

258 2741 403 2802 medium
427 2740 567 2801 atticum
591 2756 664 2802 esse
689 2741 819 2803 monuit
841 2742 889 2803 Bi.
921 2743 987 2803 Neo
1016 2745 1130 2804 tamen
1154 2740 1315 2819 ὑπερπονο
1339 2745 1373 2803 et
1395 2740 1535 2822 οπεροέω

257 2842 379 2918 (Koch),
403 2839 641 2922 tarppayoill),
666 2839 836 2920 inspectio
856 2843 927 2916 (Bi.)
951 2843 1135 2920 probabiles
1158 2846 1236 2906 eunt
1259 2844 1474 2906 coniecturae.
1501 2846 1535 2906 Si

258 2959 332 3005 vere
356 2945 480 3007 conieci
504 2943 634 3023 τροράοα
655 2938 724 3024 ’ρὼ,
745 2959 810 3008 non
834 2946 921 3006 male
947 2962 995 3007 vs.
1021 2947 1040 3006 2
1064 2962 1112 3021 eq.
1137 2947 1362 3021 rescripseris:

466 3043 518 3107 τὸν
543 3043 680 3124 Ταυρέαν
704 3040 734 3106 δ’
759 3031 1065 3125 ὑπερβαίοῦμαι
1087 3051 1149 3118 τοῖς
1172 3045 1291 3122 πόνοις,

464 3145 516 3208 τὸν
544 3147 677 3224 Κτησίαν
700 3169 729 3209 τε
751 3157 791 3230 τῷ
815 3153 934 3228 φαγεῖν.
985 3189 989 3198 .

253 3247 306 3310 Vs.
330 3251 357 3310 1.
383 3249 554 3324 Synizesin
574 3251 710 3311 comicie
729 3250 954 3311 abiudicantae
972 3249 1112 3310 Diodori
1128 3249 1182 3334 δῇ,
1200 3249 1348 3312 hleineke
1366 3247 1424 3310 κᾶν
1443 3249 1448 3325 l
1470 3249 1534 3338 ίίρ,

251 3351 348 3412 scribi
370 3352 495 3413 iubent.
519 3354 564 3412 At
593 3352 633 3414 ci.
658 3352 825 3427 Eupolidis
855 3368 979 3414 novum
996 3352 1041 3414 ir.
1065 3353 1099 3412 iu
1124 3352 1310 3414 Philetaero
1334 3352 1406 3415 Vat.
1434 3354 1530 3425 (lien.

255 3453 357 3515 Rhen.
385 3454 480 3529 1888,
504 3455 596 3531 414),
621 3455 676 3516 ubi
699 3452 848 3532 κεραμέως
871 3458 924 3516 eet
947 3455 1169 3529 trisyllabum.
1326 3509 1329 3514 .

214 3553 261 3615 Fr.
284 3558 314 3630 4,
340 3557 370 3616 3.
407 3557 441 3616 Si
469 3558 558 3618 recte
589 3557 749 3618 traditum
777 3559 829 3618 eet
859 3555 898 3634 νὴ
921 3557 1028 3628 (blein.
1052 3553 1103 3634 ρὰ)
1128 3556 1202 3634 Δία,
1229 3557 1339 3633 potius
1362 3559 1411 3619 sic
1434 3559 1529 3620 inter·

253 3659 434 3734 pungatur:
459 3657 643 3737 Κανθάρου,
665 3666 806 3737 πενιχροῦ
829 3658 911 3719 πάνυ
935 3653 993 3719 ἀλλ’
1020 3656 1057 3719 οὗ
1080 3656 1246 3737 τυράννου,
1269 3655 1307 3735 νὴ
1331 3658 1405 3735 Δία,
1428 3675 1469 3720 ne
1491 3657 1530 3737 νὴ

253 3758 312 3817 Δία
343 3763 436 3820 coeat
466 3775 540 3822 cum
571 3759 756 3836 negatione.
788 3760 863 3822 Alia
885 3761 975 3821 enim
1003 3763 1056 3822 eet
1077 3759 1199 3836 Diphili
1222 3760 1260 3821 ir.
1285 3760 1337 3836 32,
1363 3761 1419 3835 25,
1445 3760 1529 3834 quod

252 3859 411 3922 bleinekio
445 3861 564 3922 obiecit
597 3861 703 3937 Kock,
739 3863 837 3938 ratio,
873 3860 929 3924 ubi
964 3863 1045 3924 haec
1079 3861 1222 3923 formula
1250 3862 1428 3938 antecedit,
1464 3877 1529 3924 non

251 3963 399 4037 sequitur
421 3963 645 4040 negationem,
670 3966 708 4024 ut
731 3965 814 4025 vidit
835 3965 938 4025 etiam
960 3963 1010 4025 Bl.

210 4062 259 4125 Fr.
284 4067 314 4140 5,
342 4066 370 4126 1.
394 4064 533 4144 τακερόν,
554 4070 687 4143 putre.
713 4065 759 4128 (li.
778 4066 856 4128 Hor.
877 4082 978 4127 carm.
998 4066 1013 4126 I
1030 4067 1083 4141 36,
1100 4067 1151 4126 ll.
1171 4066 1238 4127 Nos
1260 4065 1526 4144 smacbtend,

250 4168 470 4228 smeltend.
491 4169 605 4230 Moneo
621 4171 754 4245 propter
765 4169 979 4230 temerariam
991 4168 1157 4242 Blaydesii
1170 4167 1393 4228 coniecturam
1405 4165 1527 4247 ἀραιόν.

209 4265 258 4328 Fr.
282 4269 312 4345 7,
338 4269 357 4328 2
382 4271 416 4330 et
438 4272 468 4345 9,
493 4271 512 4331 5
537 4270 743 4332 coniecturas
765 4285 873 4345 meas,
896 4271 1111 4345 impugnatae
1134 4285 1154 4330 a
1175 4267 1314 4346 Koclrio,
1339 4269 1455 4345 probat
1477 4269 1526 4332 Bi.

249 4385 279 4445 p.
306 4371 379 4431 139.
411 4372 595 4432 Posteriora
626 4371 697 4433 loco
720 4387 778 4447 per
800 4387 835 4432 se
863 4371 995 4446 quidem
1021 4371 1155 4446 vulgata
1176 4371 1275 4432 lectio
1298 4357 1439 4432 io'rtasee
1462 4386 1525 4432 non

249 4473 345 4547 plane
368 4475 459 4534 caret
481 4472 656 4550 exemplis,
682 4473 740 4534 sed
764 4487 881 4550 parum
904 4473 1071 4549 probabile
1091 4476 1145 4533 est
1161 4475 1293 4547 poetam
1314 4473 1526 4548 permittente

249 4577 354 4636 metro
378 4573 548 4650 evulgari
571 4575 732 4636 scribendi
757 4591 819 4636 usu
842 4575 1033 4636 descivisse.
1056 4607 1095 4618 -
1120 4574 1177 4635 Vs.
1202 4576 1233 4635 6.
1257 4573 1327 4635 Non
1350 4573 1446 4634 video
1469 4588 1527 4634 cur

249 4673 285 4735 ot
307 4673 382 4756 λέγω
417 4677 467 4748 (ci.
492 4677 511 4736 ‘l
536 4681 648 4747 οιοπο)
676 4691 751 4737 cum
775 4676 899 4738 Kockio
924 4678 1094 4737 mutemus
1117 4676 1150 4735 in
1174 4682 1234 4735 ποο
1257 4671 1345 4754 lirun
1367 4689 1428 4736 nec
1449 4676 1478 4750 7,
1505 4677 1525 4734 o

248 4777 329 4838 πάνυ
352 4793 428 4840 cum
452 4777 500 4839 Bi.
525 4779 683 4840 mutarim
708 4778 740 4838 in
764 4778 857 4853 πολύ,
879 4780 938 4838 aut
961 4779 993 4853 9,
1019 4779 1037 4838 2
1063 4774 1160 4856 ἀηδής
1184 4778 1216 4838 in
1241 4775 1391 4853 δυοειδής.

207 4877 254 4940 Fr.
282 4881 332 4941 11.
368 4879 572 4942 coniecturis
606 4880 697 4941 addit
719 4879 769 4940 Bi.
804 4879 897 4958 πόρος
931 4881 990 4940 aut
1023 4877 1118 4958 λόγος.
1149 4879 1230 4956 Quid
1260 4876 1353 4954 πόρος
1383 4877 1435 4938 hic
1460 4875 1523 4936 sibi

249 4980 339 5058 velit,
364 4982 462 5056 plane
484 4997 538 5043 me
560 4981 654 5043 latet.
678 4982 799 5042 Veram
827 4981 924 5043 lectio
948 4981 1094 5042 nondum
1117 4981 1254 5042 inventa
1277 4980 1415 5042 videtur.
1441 4977 1522 5039 (lum

248 5081 369 5144 Kookio
392 5080 1068 5164 suspectu·nabeotpaarooppog,1icet
1091 5081 1267 5143 dissentiat
1290 5080 1337 5142 Bi.
