3748 5792
824 481 887 539 113

239 659 276 718 ut
306 673 337 718 v.
361 659 447 718 4-7
472 659 582 734 μύλλος
597 693 635 702 -
650 655 752 736 ὀρφώς
771 660 859 722 1ι1οιιι
878 662 908 736 4,
934 663 1078 738 40-43,
1103 676 1167 722 non
1192 664 1232 722 31
1257 678 1317 740 sq,
1341 678 1423 737 quos
1449 678 1514 723 vss.

238 773 347 820 errore
377 760 457 822 citat
490 761 590 822 Kock.
616 795 657 806 -
682 761 737 823 Vs.
771 765 801 823 4.
829 763 1043 824 Probabiliter
1066 761 1174 842 σαργὸς
1197 780 1255 840 pro
1279 762 1408 842 φάγρος,
1431 765 1516 840 quod

239 865 383 924 metrum
413 878 478 924 non
508 864 586 939 lert,
619 865 759 926 coniecit
790 866 905 942 editor,
937 866 988 926 cui
1020 865 1142 925 frustra
1168 865 1354 941 obloquitur
1377 867 1436 944 131,
1461 868 1516 943 qui

239 965 309 1040 ipse
333 965 452 1040 ubique
475 965 600 1043 φνεβίος
623 981 681 1039 pro
704 967 804 1044 λεβίας
825 968 992 1041 corrigens
1011 967 1137 1027 scilicet
1156 968 1282 1028 nemini
1301 969 1519 1043 persuadebit.
1642 1031 1645 1038 ,

194 1065 246 1126 Fr.
279 1067 329 1142 13,
358 1068 389 1128 4.
421 1067 594 1141 ingeniose
626 1067 718 1129 Kock
747 1066 907 1146 βάοραχος,
937 1066 1073 1146 βότρυες,
1095 1065 1099 1145 Ι
1120 1066 1192 1144 poor
1219 1066 1289 1143 οοὲ,
1323 1085 1405 1144 quae
1440 1085 1521 1131 vera

240 1167 405 1243 videntur,
436 1182 496 1229 nec
526 1167 666 1247 βάοροχον
697 1170 756 1238 (sic
785 1169 846 1240 Bl.)
877 1169 1101 1231 necessarium
1132 1185 1204 1230 esse
1235 1171 1392 1232 evincunt
1417 1175 1522 1248 μῆλον,

240 1268 356 1345 κάρυον
375 1271 409 1330 in
428 1285 498 1345 sqq.
514 1270 624 1332 -Vs
647 1273 677 1331 6.
700 1271 849 1346 Speciem
869 1271 968 1332 babet
984 1270 1150 1346 Blaydesii
1164 1271 1350 1333 coniectura
1362 1270 1522 1350 κοροβίᾱες

240 1371 281 1430 ob
305 1370 470 1446 Posidippi
494 1371 594 1432 verba
616 1372 660 1431 IV
685 1373 747 1432 517
772 1371 812 1432 M.
838 1371 1006 1451 καράβους,
1028 1371 1151 1451 κόγχας,
1173 1368 1298 1448 ἐχίνους.

195 1470 248 1532 l'r.
276 1473 326 1548 14,
354 1473 383 1534 1.
407 1469 545 1550 εὔστοχος
576 1473 701 1534 frustra
732 1474 939 1535 sollicitatur.
976 1461 1246 1534 Coniecturarum
1276 1489 1452 1536 numerum
1483 1477 1522 1537 de

242 1588 333 1634 more
356 1573 451 1634 auxit
470 1573 518 1634 Bl.
536 1607 577 1616 -·
590 1573 646 1635 VS.
671 1577 701 1635 2.
725 1575 835 1635 Idem:
860 1572 1110 1634 ὑποαλατωνοκαι
1131 1569 1135 1650 l
1157 1575 1348 1652 βρυσιονοκαι
1361 1609 1401 1621 --
1415 1576 1521 1654 νερμά-
1575 1654 1578 1660 Ι

241 1695 301 1732 corr
318 1671 374 1734 ιιιὲ.
387 1674 651 1753 (vel-aepactae
663 1672 855 1755 -άνάγκῃς,
867 1675 992 1751 Voluit,
1018 1676 1167 1751 arbitror,
1192 1672 1251 1735 inb
1267 1678 1355 1735 Πλατ.
1378 1674 1458 1754 πό),
1482 1679 1522 1739 ad

242 1789 291 1836 vs.
316 1778 336 1837 4
367 1776 538 1838 conferens
556 1775 980 1856 γονοχρονοιλογεξεοίεριοεος
1000 1775 1082 1837 Nub.
1110 1778 1205 1838 1004.
1230 1811 1269 1822 -
1294 1779 1349 1839 Vs.
1375 1779 1405 1840 8.
1430 1779 1521 1840 Idem

243 1876 330 1939 male
353 1875 405 1936 τὸν
428 1876 508 1937 πόδα
531 1875 598 1950 θεὶς
622 1879 717 1953 (quod
741 1893 806 1940 non
829 1880 941 1940 tuetur
964 1879 1087 1938 citatus
1111 1878 1150 1938 ab
1172 1879 1243 1953 ipso
1262 1879 1347 1940 dccl.
1375 1895 1423 1941 vs.
1445 1881 1522 1948 346)

242 1975 292 2038 καὶ
321 1977 354 2039 τὸ
383 1977 503 2058 σφυρὸν
529 1978 651 2058 κνήμην
680 1974 723 2052 θ’,
753 1995 831 2041 nam
864 1981 1039 2055 requiritur
1070 1994 1240 2056 praesens,
1273 1983 1310 2041 ut
1334 1997 1382 2042 vs.
1409 1983 1438 2057 7,
1463 1997 1524 2042 nec

243 2081 443 2156 persuadent
476 2081 558 2142 mibi
593 2082 710 2143 Kockii
744 2083 962 2143 coniecturae.
997 2113 1037 2122 -
1075 2081 1130 2141 Vs.
1163 2082 1183 2141 9
1213 2097 1278 2142 non
1310 2081 1411 2144 habet
1438 2084 1523 2146 unde

242 2182 396 2258 pendeat,
417 2198 517 2257 quare
536 2183 713 2244 admodum
735 2185 817 2244 mibi
835 2183 980 2259 placeret
996 2182 1242 2258 wyttenbachii
1261 2185 1404 2260 euspicio
1424 2183 1524 2258 δεθεὶς

243 2300 301 2360 pro
325 2283 418 2356 τιθεὶς
441 2285 494 2362 (8),
520 2285 582 2345 nisi
611 2288 842 2360 expectaretur
866 2281 1036 2361 δεδεμένος,
1058 2299 1163 2359 neque
1186 2286 1288 2360 igitur
1311 2286 1423 2348 dubito
1446 2288 1523 2362 quin

244 2387 345 2448 verba
372 2383 466 2458 νιοελς
496 2383 556 2446 ὑπὸ
588 2381 679 2470 ξυρόν
706 2389 908 2462 gravissima
929 2388 1080 2449 laborent
1101 2387 1301 2463 corruptela,
1326 2388 1378 2448 cui
1401 2389 1524 2450 mederi

245 2487 300 2548 diu
330 2487 518 2562 frustraque
549 2488 709 2562 quaesivi.
741 2521 782 2530 -
814 2488 869 2549 Vs.
901 2490 952 2549 11.
976 2489 1025 2549 Bl.
1057 2487 1113 2549 cit.
1143 2487 1277 2562 Dionys.
1313 2489 1361 2549 111
1396 2491 1460 2551 553
1490 2491 1525 2550 et

246 2587 390 2664 Alcipbr.
420 2589 469 2648 ΙΙΙ
497 2591 549 2666 55,
576 2591 605 2650 2.
640 2622 681 2630 —
712 2589 768 2650 Vs.
803 2591 853 2651 12.
890 2587 929 2661 ὡς
964 2586 1120 2666 ἐμούδόκει
1150 2589 1199 2650 Bl.
1231 2589 1294 2650 Sed
1326 2591 1382 2650 vix
1413 2591 1525 2651 omitti

245 2691 352 2766 potuit
383 2688 482 2769 λόγον,
505 2693 542 2750 ut
565 2691 672 2751 sensit
694 2691 786 2752 Koclr
810 2706 995 2768 proponens
1017 2687 1057 2762 ὡς
1081 2687 1159 2768 ἐμοί,
1181 2689 1281 2769 λόγον,
1304 2691 1388 2764 quod
1412 2698 1524 2752 tamen

246 2793 390 2868 tragicae
416 2795 481 2868 est,
506 2793 561 2853 vix
584 2793 729 2854 comicae
748 2793 911 2854 dictionis.
931 2793 1018 2853 Num
1038 2793 1122 2853 rorte
1142 2789 1173 2850 ἔν
1193 2784 1216 2870 γ’
1239 2788 1327 2867 iper?
1341 2825 1380 2836 —
1398 2793 1450 2854 Vs.
1474 2795 1523 2853 13.

247 2893 359 2965 πόλεως
383 2909 440 2969 pro
463 2893 574 2973 χθονός
597 2894 712 2955 Nauck
736 2894 808 2956 Mel.
831 2895 880 2954 III
903 2895 946 2954 30
970 2909 1018 2968 sq.
1041 2893 1087 2953 IV
1111 2895 1186 2969 203,
1211 2894 1265 2955 VI.

203 2997 254 3058 Fr.
283 2999 333 3073 15,
359 2997 388 3057 7.
413 2994 444 3055 ri
457 2990 510 3055 τιν’
536 3011 594 3072 pro
618 2995 797 3057 lateranen
821 2994 908 3057 male
931 2996 998 3056 Bl:
1022 2995 1083 3056 boc
1106 2995 1164 3056 vix
1186 2995 1368 3056 ferendum.

203 3099 255 3160 Fr.
284 3100 334 3174 16,
364 3099 394 3159 1.
426 3093 476 3175 ἐμὲ
505 3101 616 3175 μαθεῖν
646 3113 704 3173 pro
736 3095 879 3175 ἐκμαθεῖν
910 3097 958 3158 Bl.
990 3096 1174 3158 Pronomen
1206 3112 1286 3157 sane
1321 3097 1378 3158 vix
1409 3097 1525 3159 abesse

248 3201 389 3276 poterat,
420 3213 481 3260 nec
510 3215 576 3261 non
606 3200 690 3260 satis
712 3215 813 3275 grave
836 3203 907 3262 eret
932 3213 1188 3274 cognoscere
1210 3199 1356 3274 pessima
1377 3199 1527 3273 Dionysii

248 3300 380 3375 tyranni
403 3300 567 3376 dramata,
593 3316 693 3375 quare
717 3302 828 3362 nescio
851 3315 892 3361 an
916 3300 1085 3375 probanda
1107 3300 1152 3360 sit
1174 3300 1255 3360 baec
1277 3301 1444 3362 correctio.

205 3402 255 3463 Fr.
283 3403 332 3477 17,
360 3403 376 3462 1
401 3402 449 3464 Bi.
478 3417 543 3463 non
573 3403 722 3463 sentiens
751 3403 900 3477 ineptum
926 3416 1000 3463 esse
1023 3401 1072 3461 sic
1095 3401 1243 3460 additum
1267 3399 1354 3478 θεός,
1375 3402 1528 3477 proponit

249 3497 297 3564 εἶν’
324 3503 511 3581 1φοοκενο1
536 3503 611 3576 Ζεὺς
634 3499 737 3579 ἔφασκ’
763 3498 840 3564 εῖνοο
865 3504 916 3566 vel
940 3502 994 3581 μέν
1023 3519 1126 3582 <γε>,
1147 3518 1287 3578 quorum
1310 3500 1393 3562 nibil
1417 3501 1526 3576 probo.

249 3605 441 3668 Necessaria
472 3606 601 3667 videtur
623 3609 681 3668 aut
700 3605 852 3667 lleinekii
875 3606 1063 3667 emendatio
1093 3606 1151 3665 aut
1181 3618 1269 3680 mea,
1305 3603 1356 3664 cui
1380 3602 1526 3662 taretin

251 3723 299 3768 ve.
324 3710 343 3768 2
368 3705 502 3783 ἔτερος
520 3701 680 3785 Ἡρακλῆς.

207 3809 256 3870 Fr.
280 3810 330 3871 18.
350 3810 400 3870 Bl.
421 3808 477 3870 cit.
498 3805 618 3886 ἀνδρῶν
636 3816 789 3887 γυναικῶν
808 3808 890 3868 Ran.
914 3809 986 3868 157.
1009 3808 1168 3868 Similiter
1191 3806 1311 3867 dicitur
1330 3801 1407 3865 νέον
1426 3802 1526 3884 γερόν-

249 3931 322 3982 ινιν,
345 3909 420 3970 alia.

208 4008 257 4070 Fr.
280 4011 332 4072 20.
825 4008 897 4069 όταν
920 4007 976 4089 γὰρ
1001 4006 1043 4069 ὢν
1069 4007 1134 4082 νόος

472 4108 627 4191 ἀλλότριον
650 4103 844 4173 εἰσελθὼν
868 4108 947 4184 ὄψον
970 4108 1085 4170 ἐσθίειν
1108 4110 1210 4192 μάθῃ,
1231 4108 1287 4170 art.

251 4214 435 4288 Speciosius
465 4229 565 4288 quam
596 4215 706 4276 verius
735 4213 796 4290 Bl,
828 4213 901 4274 coll.
931 4214 971 4274 fr.
1004 4215 1056 4286 33,
1090 4215 1119 4286 3,
1145 4213 1285 4274 coniecit
1307 4211 1421 4287 εἰσδὺς,
1444 4213 1529 4287 quod

253 4315 370 4375 dicitur
411 4315 450 4374 de
495 4330 533 4375 eo
567 4319 622 4391 qui
663 4317 769 4376 invito
811 4313 934 4389 hospiti
967 4329 1004 4374 se
1038 4313 1196 4389 obtrudit,
1232 4313 1343 4388 itaque
1378 4329 1442 4374 non
1479 4316 1530 4374 est

253 4415 347 4476 buius
378 4415 451 4477 loci.
484 4415 547 4475 Vix
578 4417 691 4477 dubito
722 4415 801 4492 quin
831 4417 998 4476 ametrum
1029 4416 1240 4491 participium
1271 4415 1379 4475 aliena
1409 4429 1531 4475 manus

251 4518 424 4579 invexerit.
449 4517 531 4594 Quia
554 4521 665 4578 autem
691 4518 807 4578 abesse
830 4517 966 4577 omnino
990 4532 1054 4577 non
1078 4518 1185 4592 potuit
1209 4532 1389 4592 pronomen
1414 4517 1530 4590 imper·

255 4618 379 4694 sodale,
408 4618 547 4680 conicio:

787 4717 859 4779 ὅταν
888 4736 957 4791 (τις
982 4734 1057 4780 cum
1081 4718 1161 4784 El.)
1190 4715 1232 4779 ὢν
1255 4715 1322 4789 νέος

473 4818 628 4901 ἀλλότριον
655 4819 828 4900 depici>
856 4818 937 4898 όψον
960 4817 1074 4880 ἐσθίειν
1098 4821 1199 4904 μάθῃ,

473 4919 647 5000 άσύμβολόν
668 4945 698 4984 τε
721 4927 802 5002 χεῖρα
826 4922 982 5006 προσβάλῃ
1006 4923 1096 5006 βορᾷ,

475 5021 594 5085 διδόναι
617 5019 715 5104 νόμιζ’
742 5021 835 5084 αιἰιὸν
859 5024 896 5084 σὺ
920 5032 971 5101 τῆς
995 5023 1103 5096 νυκτὸς
1126 5023 1224 5104 λόγον.
