3748 5792
844 509 886 568 69

196 691 251 751 Fr.
277 693 297 752 3
320 707 379 768 pro
402 692 555 754 dimetris
578 694 782 756 catalecticis
805 693 1028 764 (drancitcwt)
1053 694 1152 756 habet
1174 695 1223 756 Bi.

197 793 252 854 Fr.
277 795 307 854 4.
332 793 402 855 Non
425 795 512 856 tanti
530 797 615 858 racio
633 796 813 858 Herodiani
831 796 1077 872 auctoritatem,
1099 798 1136 857 ut
1152 793 1306 875 νατὲχετον
1318 796 1527 877 promam

245 893 419 974 (τατάχεσαν
439 897 694 976 dubitabundus,
715 898 773 960 sed
785 900 887 976 recte,
901 898 1003 969 Kock)
1027 913 1147 960 sanum
1159 913 1233 961 esse
1246 900 1377 961 credere
1390 901 1526 976 possim.

198 997 254 1058 Fr.
278 998 309 1059 7.
343 999 556 1077 πατανεχνίζαν
591 999 762 1074 analogiae
795 1000 1000 1061 adversatur.
1032 1000 1131 1061 Recte
1161 998 1238 1060 κακὰ
1274 1002 1420 1079 τεχνάζων
1453 1016 1526 1064 con·

245 1100 323 1160 iecit
346 1099 468 1160 Nauck.

198 1201 253 1261 Fr.
281 1203 331 1262 10.
362 1203 551 1263 Priscianus
580 1203 903 1264 ΟΤΙΝΟΧΕΔΟΝΤΙ
930 1210 1028 1281 μῆνας
1056 1200 1144 1281 ἐγγὺς
1167 1207 1244 1281 τρεῖς
1267 1201 1355 1276 ὅλους
1375 1203 1380 1283 Ι
1401 1213 1527 1283 φρουρὼ

244 1302 297 1363 τὸν
327 1297 527 1381 Ἐνδυμίωνα.
562 1305 635 1366 Iure
666 1306 756 1366 Kock
787 1305 986 1367 addubitans
1015 1308 1146 1381 propter
1175 1306 1347 1366 insolitum
1364 1306 1526 1382 pisones·

245 1421 338 1466 mum
373 1405 581 1467 lenissimam
616 1407 768 1468 Meinekii
804 1407 1023 1468 mutationem
1055 1403 1118 1484 ὁτιὴ
1149 1407 1254 1486 σχεδόν
1278 1430 1318 1480 τι,
1350 1408 1527 1468 violentius

243 1507 378 1582 corrigit
400 1503 659 1585 ὀνειροπολοῦντα.
683 1507 840 1583 liquidem
864 1509 997 1583 ambigo
1020 1513 1133 1569 utrum
1150 1513 1239 1572 recte
1258 1510 1338 1570 olim
1358 1510 1525 1570 elicuerim

244 1605 309 1685 ὁτιὴ
332 1608 396 1681 (vel
420 1607 464 1670 ba
486 1608 549 1680 τὸν)
572 1608 710 1688 γέροντα,
733 1625 791 1685 an,
813 1611 898 1684 quod
919 1612 1034 1684 postea
1052 1612 1142 1672 venit
1161 1613 1195 1672 in
1215 1613 1365 1673 mentem
1384 1614 1418 1672 et
1439 1627 1528 1673 nunc

243 1714 439 1786 occupatum
460 1711 554 1773 video
567 1712 785 1788 aBlaydesio,
808 1711 954 1772 admisso
972 1711 1124 1784 Meinekii
1137 1713 1273 1773 invento
1286 1728 1343 1789 pro
1356 1710 1442 1791 ἐγγὺς
1454 1710 1527 1772 sub·

243 1814 384 1874 stituam
406 1809 475 1890 ἤδη.
499 1813 561 1874 illa
576 1816 691 1874 tamen
714 1812 820 1874 lenior
839 1814 923 1874 ratio
943 1812 1075 1874 videtur
1094 1815 1204 1888 itaque
1225 1815 1332 1889 magis
1350 1812 1526 1889 probanda.

198 1916 251 1976 Fr.
277 1917 328 1976 14.
352 1915 438 1993 βοοῖν
460 1929 519 1990 pro
542 1915 623 1993 βοῶν
648 1915 807 1990 Mainake,
833 1914 994 1990 probante
1019 1915 1173 1976 Nauckio.
1198 1916 1329 1976 Dubito.

198 2017 253 2077 Fr.
279 2019 329 2076 15.
364 2012 561 2092 ἀφανίζοντα,
588 2017 609 2076 i.
635 2032 662 2076 e.
691 2018 961 2092 consumunt,
995 2003 1136 2077 tortasse
1165 2020 1257 2078 recte
1282 2019 1393 2078 tuetur
1416 2016 1464 2077 Bl.
1489 2017 1526 2076 Ei

243 2118 441 2194 probabilior
463 2119 592 2179 videtur
615 2117 767 2179 Meinekii
790 2133 888 2192 quam
910 2117 1026 2178 Kockii
1050 2119 1247 2180 coniectura.

198 2221 253 2284 Fr.
281 2222 330 2282 19.
356 2221 535 2281 Prorsus
565 2219 809 2280 infeliciter
839 2235 910 2281 rem
934 2221 1043 2295 egisse
1068 2219 1203 2280 videbar
1226 2218 1364 2295 Kockio,
1390 2219 1525 2280 felici·

244 2327 309 2384 ter
340 2321 526 2397 Biaydesio,
556 2337 616 2382 nec
646 2336 725 2382 sane
757 2321 917 2396 hodieque
948 2323 1019 2381 eius
1049 2323 1256 2382 coniecturae
1287 2337 1341 2381 me
1364 2321 1525 2398 poenitet,

246 2424 354 2499 magis
377 2438 478 2498 quam
502 2422 650 2496 dubiam,
671 2437 754 2496 quae
778 2423 839 2497 ipsi
865 2423 920 2482 vix
944 2422 1042 2483 dubia
1066 2422 1248 2496 videbatur,
1272 2425 1383 2482 ratum
1407 2421 1526 2484 violen-

246 2530 316 2586 tam
335 2526 439 2601 ipsius
463 2524 578 2585 Kockii
598 2524 834 2599 coniecturam,
855 2539 917 2585 uec
940 2525 1105 2598 persuasit
1128 2523 1211 2583 mihi
1231 2523 1392 2585 Headlam
1416 2539 1526 2599 propo·

246 2643 329 2689 nens
352 2625 495 2698 πλεκτοὺς
521 2640 578 2703 pro
600 2625 771 2697 πλείστους,
798 2626 882 2700 quod
905 2630 1032 2700 tamen,
1057 2625 1204 2686 admissa
1227 2627 1320 2700 gravi
1344 2626 1527 2686 mutatione

247 2729 416 2790 Kockiana
438 2731 498 2798 ταῖς
529 2731 641 2800 θεαῖσι,
672 2727 779 2787 multo
803 2727 931 2787 felicius
955 2727 1141 2788 coniectum
1171 2730 1223 2787 est
1248 2741 1346 2801 quam
1369 2725 1528 2798 πελάνους.

246 2830 310 2891 Vix
341 2845 423 2906 opus
453 2832 505 2890 est
536 2843 669 2890 monere
701 2825 795 2904 ὄψον,
822 2829 850 2889 si
875 2832 963 2890 recte
987 2829 1035 2890 ita
1058 2830 1213 2904 rescripsi
1236 2844 1293 2903 pro
1315 2826 1403 2904 ὅσον,
1427 2843 1526 2890 sensu

245 2932 391 3007 generali
413 2932 452 2993 de
475 2931 650 3005 omnigeno
673 2929 822 3006 obsonio,
848 2929 944 3004 quale
969 2929 1039 3004 agri
1056 2930 1278 3005 producebant
1297 2929 1384 2999 (hinc
1404 2930 1529 2990 addidit

245 3026 310 3094 clav
332 3031 410 3104 εἰκὸς
434 3023 497 3110 ἦν),
525 3047 591 3093 non
615 3032 750 3108 speciali
774 3033 813 3093 de
837 3029 982 3107 piscibus
1006 3045 1079 3092 esse
1101 3031 1371 3106 intellegendum.

198 3135 251 3196 Fr.
278 3135 331 3195 20.
356 3133 467 3195 Placet
490 3133 657 3208 Blaydesii
681 3135 870 3195 coniectura
893 3131 987 3210 στόμα
1011 3153 1039 3191 τε
1064 3147 1122 3207 pro
1146 3128 1178 3191 τὸ
1202 3130 1304 3209 στόμα.

196 3237 251 3298 Fr.
276 3236 328 3296 22.
353 3231 386 3294 δὲ
409 3251 467 3311 pro
490 3258 517 3293 τι
540 3235 641 3312 idem,
676 3235 733 3296 vix
764 3239 863 3296 recte.
889 3234 997 3296 Verba
1021 3230 1068 3293 err
1083 3268 1119 3278 —
1139 3230 1217 3293 ἐστιν
1241 3235 1349 3310 posita
1374 3233 1526 3294 videntur

244 3334 295 3396 διὰ
321 3333 427 3413 μέσον,
457 3334 583 3410 reliqua
605 3337 718 3396 autem
742 3335 931 3396 cohaesisse
955 3350 1029 3395 curn
1054 3336 1270 3410 praegressis,
1296 3349 1401 3409 neque
1426 3333 1527 3408 igitur

245 3453 319 3499 esse
343 3437 538 3512 asyndeton.

198 3541 253 3602 Fr.
278 3541 330 3600 23.
354 3540 441 3614 Lege
463 3534 707 3620 ovyxeztnlporv.
731 3539 854 3598 Locum
879 3538 961 3599 bene
985 3539 1222 3613 interpretatur
1245 3536 1351 3612 Kock,
1377 3551 1438 3597 nec
1460 3551 1527 3596 ma·

245 3641 297 3717 gis
320 3655 421 3715 quam
444 3639 596 3701 Meinekii
621 3639 809 3701 coniectura
833 3655 915 3715 opus
945 3639 1074 3700 videtur
1097 3639 1317 3713 Blaydesiana
1342 3634 1528 3717 μαρτσαμένη

245 3740 425 3802 κατέκλινεν.

291 3842 402 3903 Alcaei
432 3842 669 3918 Pasiphaes
701 3843 898 3917 fragmentis
923 3859 940 3904 e
963 3841 1070 3904 lexico
1097 3842 1299 3904 Messanensi
1323 3840 1411 3901 Rabe
1433 3838 1526 3902 titus.

246 3943 350 4004 Rhen.
375 3944 428 4020 92,
454 3944 530 4015 405)
555 3943 680 4004 addidit
703 3943 821 4005 hocce:

291 4049 422 4118 Ἀλκαῖος
445 4044 603 4130 Πασιφάῃ’

474 4149 618 4232 Micipsam
643 4141 703 4206 ἀλλ’
730 4145 835 4224 οἴμωζε
858 4147 971 4209 σαυτὸν
995 4144 1138 4228 περιθὲ
1147 4168 1271 4225 μενος.

247 4249 301 4310 ubi
323 4246 523 4330 περιθέων
547 4249 629 4310 bene
653 4249 843 4310 emendavit
867 4249 967 4311 Kock.

203 4350 254 4412 Fr.
275 4352 327 4412 35.
351 4347 488 4410 ἅκνατττα
511 4365 570 4427 pro
594 4347 707 4410 ἄθικτα
729 4351 764 4410 in
787 4351 836 4412 iit.
863 4367 906 4412 m.
932 4351 1065 4426 corrigit
1089 4350 1137 4410 Bl.

204 4453 254 4513 Fr.
279 4453 322 4513 38
346 4451 522 4514 delendum
553 4466 627 4514 esse
657 4453 790 4514 monuit
813 4452 941 4524 Nauck,
973 4453 1192 4514 Alcmanis
1224 4451 1313 4511 enim
1343 4465 1416 4512 esse
1443 4450 1482 4511 fr.
1507 4451 1527 4510 4

247 4553 363 4628 Bergk.
395 4553 562 4629 (Harpocr.
587 4569 617 4630 p.
642 4554 695 4631 95,
722 4555 775 4624 20)
805 4551 856 4613 καὶ
886 4551 959 4626 ναὸς
990 4550 1082 4634 ἁγνὸς
1112 4551 1252 4631 εὐπύργω
1276 4549 1451 4630 Σεράπνας,
1473 4550 1528 4611 ubi

247 4655 400 4716 Alcmani
417 4655 620 4716 reddendum
643 4655 815 4734 Θεράπνας,
834 4659 872 4716 ut
891 4657 1074 4730 antiquitus
1092 4655 1154 4731 ipsi
1174 4654 1319 4714 Lacones
1330 4653 1529 4715 scribebant·

204 4799 372 4868 Cauthari
397 4803 435 4865 ir.
461 4805 491 4864 6.
515 4803 658 4878 Blaydes
683 4804 738 4866 cit.
762 4804 818 4865 Ar.
843 4803 925 4866 Ach.
954 4805 1049 4865 1199.

207 4949 337 5022 Dioclis
362 4955 571 5017 ΘΑΛΑΤΤΑ.
595 4954 690 5030 Apud
714 4955 926 5017 Athenaeum
959 4951 1058 5026 <ὡς>
1089 4953 1225 5014 Θάλαττα
1250 4955 1389 5016 coniecit
1411 4954 1460 5015 Bi.

208 5055 257 5119 rr.
283 5058 312 5120 7.
335 5057 439 5118 τύπων
470 5058 504 5118 in
527 5055 630 5116 πίθων
655 5054 786 5133 retinxi,
812 5057 988 5133 plaudente
1012 5056 1078 5132 Bl.,
1104 5057 1159 5130 qui
1184 5057 1254 5133 ipse
1277 5071 1336 5132 pro
1360 5053 1533 5130 ἀθὲλδεται,
