3718 5788
994 477 1058 538 224

410 666 466 726 νε.
490 665 566 726 614.
592 664 653 726 oft.
678 665 787 742 Rurip.
811 665 849 726 ir.
877 667 973 739 1067,
1002 667 1015 725 1
1042 665 1193 740 Blaydos

410 766 465 826 νε.
490 767 565 826 615.
590 766 686 827 Haud
709 767 875 842 intellego.

410 865 464 927 νε.
490 869 565 928 616.
590 867 750 930 Richards
772 871 941 946 proposuit
964 869 1082 942 δικαίας
1104 884 1163 946 pro
1186 867 1324 950 ἀρχαίας.

409 970 465 1029 νε.
488 970 563 1030 699.
589 969 673 1044 Lege
707 967 770 1028 ἐκεῖ
799 987 856 1046 pro
886 969 976 1046 εἰσιν,
1005 975 1043 1032 ut
1073 975 1161 1033 recte
1192 975 1245 1034 est
1274 971 1359 1032 infra
1389 987 1438 1032 vs.
1470 973 1545 1033 694.
1575 1007 1614 1014 -
1643 972 1688 1032 Gi.

454 1070 621 1130 Menandri
643 1069 683 1130 ir.
708 1072 783 1132 804.

409 1172 463 1231 νε.
489 1173 564 1233 844.
590 1171 721 1246 Optime
744 1173 906 1236 Richards
929 1171 1073 1254 ἀταραξία
1097 1192 1155 1252 pro
1178 1173 1317 1255 ἀπραξία.

408 1274 463 1334 Vs.
488 1275 563 1335 653.
589 1274 697 1334 Idem:
722 1274 864 1352 βραβεῖον
888 1272 977 1353 ἀρετή
996 1271 1075 1337 ’στιν
1098 1276 1319 1349 εὐπαιδευσῖας.

409 1376 464 1436 νε.
489 1377 552 1437 668
577 1375 740 1451 Euripidis
764 1379 815 1437 est
839 1377 1009 1455 Hippolyti
1034 1395 1082 1440 vs.
1108 1381 1160 1440 95.

408 1477 463 1536 νε.
488 1477 563 1538 680.
588 1477 789 1552 Expectatur
810 1483 941 1556 κρεῖττον
965 1497 1022 1556 pro
1045 1479 1146 1542 auido.

408 1580 463 1640 νε.
488 1579 562 1640 683.
588 1579 672 1653 Apte
696 1579 838 1655 Blaydes
860 1585 945 1653 λιτῶς
969 1583 1000 1651 (l.
1024 1586 1133 1654 (ειαῶς)
1152 1598 1210 1658 pro
1229 1585 1348 1653 λεπτῶς.
1373 1582 1434 1642 Pro
1454 1578 1487 1661 γέ
1506 1603 1551 1642 τοι
1572 1583 1688 1643 malim

451 1678 508 1759 γὰρ
531 1671 578 1756 εὖ,
601 1681 634 1740 in
658 1681 743 1755 quod
766 1682 882 1744 incidit
905 1684 1007 1745 etiam
1032 1683 1201 1746 Richards.
1226 1684 1368 1759 Legaiur
1391 1682 1508 1758 igitur:

617 1784 717 1852 λειτῶς
740 1780 796 1859 γὰρ
820 1774 853 1843 εὖ
878 1785 932 1860 ζῆν
955 1789 1093 1860 κρεῖσσον
1116 1782 1136 1862 ἢ
1162 1787 1303 1861 λαμπρῶς
1326 1788 1432 1855 καλῶς.

407 1882 463 1942 νε.
489 1883 608 1943 684:
623 1883 789 1944 Menandri
813 1885 852 1947 ir.
878 1886 942 1946 799
967 1887 1050 1956 (81).

408 1985 463 2045 νε.
499 1985 552 2044 (98
567 2007 608 2031 --
623 1984 720 2060 Soph.
744 1986 783 2046 fr.
808 1987 886 2061 860,
911 1987 967 2048 ubi
991 1987 1110 2048 melius
1133 1987 1253 2062 legitur
1275 1993 1384 2045 κακῶν.

408 2086 462 2146 νε.
488 2087 552 2146 696
568 2085 716 2160 :trag
741 2085 851 2161 adesp.
876 2089 955 2162 491,
981 2088 1035 2147 ubi
1060 2089 1111 2148 est
1134 2081 1219 2145 πάντ’
1245 2085 1328 2147 ἰδεῖν.

407 2188 462 2248 νε.
488 2188 561 2246 711.
587 2187 648 2246 Pro
678 2183 772 2265 ῥέγχει
801 2187 963 2249 Richards
994 2189 1132 2249 coniecit
1163 2185 1304 2266 τρέχει,
1330 2188 1400 2264 ipse
1423 2187 1503 2248 olim
1528 2187 1686 2264 proposui

451 2278 492 2347 εὖ
515 2285 576 2364 (δεῖ
596 2285 655 2364 (ῥεῖ
673 2281 701 2346 ‹i’
727 2279 796 2358 εὖν)
819 2289 973 2365 παρούσης
997 2297 1048 2365 τῆς
1071 2289 1160 2367 τύχης
1184 2287 1220 2348 τὰ
1241 2291 1408 2369 πράγματα.

407 2390 463 2450 νε.
488 2391 553 2450 718
568 2389 790 2450 :Menandn
815 2390 852 2452 ir.
878 2391 987 2451 4176.
1012 2391 1094 2462 (Bt).

407 2491 461 2552 Vs.
487 2492 551 2551 726
583 2488 817 2551 Chaeremonis
848 2492 963 2567 tragici
995 2496 1208 2570 versusest.
1241 2491 1280 2553 ir.
1313 2493 1331 2551 2
1369 2493 1455 2568 apud
1485 2491 1671 2552 Nauckium

452 2609 481 2668 p.
507 2593 581 2653 782.

407 2695 462 2755 Vs.
487 2695 561 2754 766.
586 2691 716 2771 εὐβόλως
741 2710 798 2769 pro
820 2693 949 2766 εὐκόλως
973 2698 1069 2757 acute
1092 2698 1126 2755 et
1148 2697 1259 2756 nescio
1283 2711 1326 2756 an
1350 2710 1426 2756 vers
1449 2695 1607 2769 Blaydes.

406 2796 462 2857 Vs.
489 2797 551 2858 758
566 2794 769 2856 :Menand
795 2795 834 2856 fr.
859 2797 933 2856 288.

406 2897 580 2957 Rationem
621 2899 793 2971 praeterea
827 2896 946 2958 habeat
979 2898 1111 2959 futurus
1145 2897 1251 2960 editor
1285 2913 1399 2959 eorum
1434 2911 1517 2972 quae
1554 2895 1687 2969 collegit

362 2998 502 3072 Blaydes
542 3014 613 3072 pag.
646 2998 833 3073 862-958,
876 3014 960 3074 quae
1002 2999 1134 3074 singula
1167 3000 1331 3061 discutere
1369 3011 1434 3058 non
1469 2999 1580 3057 vacat.
1624 2994 1684 3055 Sed

359 3099 443 3158 forte
477 3099 655 3173 inspiciens
689 3113 719 3172 p.
751 3099 816 3159 358
851 3099 946 3160 video
977 3115 1053 3160 eum
1089 3100 1261 3174 antiquum
1304 3099 1451 3160 obtinere
1485 3098 1519 3158 in
1556 3095 1686 3172 Synesii

360 3199 430 3260 loco
454 3216 483 3274 p.
504 3200 578 3274 728,
603 3198 658 3258 ubi
681 3199 806 3274 optime
834 3199 989 3260 scribitur
1013 3198 1085 3259 tiore
1111 3221 1162 3277 μοι
1188 3201 1266 3261 δοκῶ
1287 3199 1292 3280 Ι
1314 3203 1423 3260 πλεῖν
1453 3193 1473 3276 ἢ
1504 3201 1683 3277 παλαιστῇ

1676 2483 1688 2519 2

359 3298 513 3378 γεγονέναι
537 3298 719 3376 σοφώτερος,
741 3301 1139 3373 pessime-rescribentem
1162 3302 1316 3362 πλείονι
1339 3302 1576 3374 παλαιστῆς,
1599 3295 1682 3372 quod

360 3401 479 3476 duplici
513 3401 646 3462 nomine
676 3400 831 3461 vitiosum
863 3404 924 3462 est.
957 3402 1040 3461 Nam
1071 3403 1166 3463 unice
1197 3405 1344 3465 Atticum
1376 3403 1428 3461 est
1451 3399 1604 3474 παλασιή,
1625 3412 1682 3459 neo

361 3502 591 3579 Aristophanis
621 3501 781 3562 editorem
816 3502 919 3562 latere
949 3504 1057 3577 potuit
1081 3519 1110 3563 v.
1136 3519 1162 3564 c.
1187 3505 1354 3564 Ranarum
1385 3515 1433 3560 vs,
1462 3501 1519 3560 18:
1551 3503 1638 3559 πλεῖν
1664 3493 1682 3573 ἢ

357 3596 480 3689 ’viunisi
504 3583 700 3684 repsossdcspog
725 3599 897 3680 ἀπέρχομαι.
