3748 5792
919 453 981 515 las

330 629 415 692 rltur
444 633 578 710 saltem,
610 637 647 696 ut
670 635 817 698 lisinelre
841 636 936 714 vidit,
968 639 1203 714 superlativus.
1233 671 1266 682 --
1303 637 1360 698 Vs.
1386 637 1417 698 3.
1441 633 1462 714 ἢ
1485 651 1545 712 pro
1569 633 1620 696 ποί

333 748 505 809 perperam
528 735 700 798 Heedlam.

289 833 340 894 rr.
367 835 418 912 10,
444 836 473 898 2.
505 837 648 898 Facilius
678 840 810 914 propter
841 855 983 914 sequens
1007 841 1170 903 Athenaei
1197 833 1266 901 οίδα
1290 839 1416 900 excidit
1439 853 1459 898 a
1481 835 1546 898 fine
1571 835 1622 897 ὅδε

334 936 479 1008 (Porsen)
498 953 597 1012 quam
616 933 707 1017 ύπρος
720 939 805 1016 (bl),
826 941 912 1015 quod
932 941 1150 1004 nihilominus
1169 941 1356 1003 sententiae
1376 937 1485 1000 multo
1509 937 1623 1014 aptius

334 1037 472 1100 videtur.
506 1039 639 1113 Aliquid
677 1040 839 1102 excidisse
874 1045 1003 1104 certum
1034 1046 1099 1120 est,
1132 1045 1210 1118 quie
1238 1038 1501 1118 λοπαδοσοφισπής
1529 1043 1622 1100 caret

335 1140 485 1202 articulo.

291 1311 432 1398 sophin
456 1314 495 1380 ir.
520 1317 549 1393 3,
578 1318 605 1378 1.
632 1316 740 1379 Meum
764 1313 883 1398 συνεχὲς
905 1319 1022 1395 probat
1045 1319 1105 1396 Bl.,
1130 1321 1185 1396 qui
1209 1318 1265 1381 cit.
1290 1321 1347 1382 Ar.
1371 1318 1428 1392 liq.
1453 1319 1506 1378 21.

292 1419 341 1478 Fr.
366 1419 397 1492 4,
423 1418 453 1478 3.
478 1415 599 1496 ύποχεῖν
623 1418 712 1479 mele
735 1419 799 1496 Bl.,
831 1422 864 1482 et
887 1417 1126 1500 ίπτδορπίοομαι
1149 1421 1222 1481 slus
1246 1435 1348 1482 cause
1371 1419 1488 1481 idonea
1511 1434 1560 1480 vs.
1587 1421 1618 1479 6.

292 1519 343 1580 Fr.
368 1520 398 1595 ὃ,
423 1520 453 1580 3.
601 1515 617 1579 ὁ
641 1518 848 1598 πορνοβοσκὸς
869 1521 925 1601 γάρ
950 1515 976 1598 μ’
1003 1517 1064 1581 ὑπὸ
1087 1519 1285 1600 κνισολοιχίας

601 1619 714 1700 χορδήν
737 1615 803 1680 τιν’
830 1621 977 1700 αἱματῖτιν
1000 1620 1081 1706 αὐτῷ
1106 1620 1250 1682 σκευάσαι

604 1718 735 1782 ἐκέλευσε
758 1743 926 1801 teutone
949 1720 1024 1801 ἒμί.

337 1825 480 1900 Recepta
503 1825 555 1884 est
578 1824 880 1901 Schweighaeuseri
905 1826 1092 1887 coniectura
1118 1823 1244 1902 ινννηνί
1265 1845 1316 1902 με,
1339 1829 1421 1898 quae
1445 1839 1523 1885 vera
1546 1839 1622 1886 esse

337 1927 451 2001 nequit
470 1940 544 1987 cum
565 1927 696 2001 propter
715 1941 894 2001 pronomen
914 1925 1122 1990 indefinitum
1141 1949 1218 2004 τινα,
1233 1942 1316 2001 qnae
1329 1926 1619 1988 excluditdemon·

337 2028 525 2104 strativum,
544 2029 616 2087 tum
636 2030 767 2103 propter
785 2027 963 2103 repetitum
984 2049 1027 2106 με.
1048 2027 1281 2104 corrigendum
1301 2027 1458 2089 arbitror:
1477 2027 1623 2112 ταυτῃί

338 2150 392 2205 τε,
419 2128 503 2190 sibi
526 2129 611 2204 ipsi
635 2132 676 2190 et
699 2130 833 2192 huioe.

297 2231 347 2293 Fr.
373 2232 402 2306 8,
430 2232 458 2292 1.
484 2225 543 2290 ἐστι
571 2226 664 2308 <δὴ>
694 2230 742 2291 Bl.
765 2229 885 2292 Utrum
911 2232 972 2292 hoc
995 2246 1036 2292 an
1060 2228 1116 2311 ρύρ
1139 2230 1298 2292 exciderit
1321 2231 1396 2306 quis
1419 2230 1531 2291 dicet?

296 2333 346 2393 Fr.
370 2332 401 2392 9.
425 2326 625 2392 Β1.-’σιιν·
646 2330 831 2412 Ἀγάθαρχίν
854 2352 886 2410 με
909 2353 952 2392 τοι
974 2325 978 2412 Ι
999 2330 1051 2392 τὸν
1074 2327 1192 2411 γραφέα
1214 2331 1326 2408 ταύτης
1349 2327 1423 2406 φασί
1435 2328 1621 2410 γεγραφέναι
1700 2382 1704 2391 .

338 2430 408 2493 ποτέ
428 2431 433 2512 Ι
454 2429 524 2510 ντί,
542 2451 625 2509 quae
645 2433 822 2495 Kockianis
841 2435 922 2494 sunt
941 2433 1136 2494 violentiora
1155 2448 1215 2494 nec
1234 2432 1383 2494 meliora.
1403 2432 1539 2493 Placent
1551 2431 1622 2493 illa.

296 2593 440 2663 borello
463 2597 502 2658 fr.
529 2600 556 2674 1,
582 2600 613 2660 6.
643 2594 752 2656 πνικτὰ
775 2611 833 2671 pro
856 2604 949 2656 τούτο
972 2596 1036 2672 Bl.,
1061 2596 1116 2670 qul
1134 2597 1223 2656 recte
1245 2595 1360 2656 scribit
1382 2591 1500 2677 ἐλᾴδιον
1523 2609 1574 2654 vs.
1603 2595 1621 2656 7

340 2699 374 2758 et
397 2693 502 2782 ἐλᾳδίῳ
527 2714 575 2760 vs.
601 2699 653 2759 27.
678 2696 724 2759 Gi.
749 2696 835 2758 inira
859 2697 899 2758 ad
922 2711 971 2759 vs.
993 2697 1046 2758 32.
1067 2697 1159 2758 Idem
1179 2697 1262 2757 veli
1283 2694 1363 2781 ἔσται
1384 2688 1411 2754 δ’
1434 2692 1466 2755 ἐν
1484 2694 1563 2777 ύλμρ
1578 2728 1622 2738 -

340 2798 396 2859 σὺν
427 2799 506 2878 χλόη.
529 2800 600 2860 Non
625 2799 719 2860 video
742 2799 988 2860 necessitatem.
1014 2831 1055 2842 -
1083 2797 1140 2858 Vs.
1168 2798 1218 2858 12.
1243 2796 1468 2872 Proponebsm
1493 2786 1526 2855 εὖ
1551 2793 1625 2874 ἔχει,

339 2901 388 2961 Β1.
401 2899 516 2961 αὐτίκα.
529 2934 568 2946 -
582 2901 637 2962 Vs.
655 2903 705 2962 13.
718 2901 809 2962 ldsm
822 2903 910 2962 recte
922 2900 1064 2962 fortasse
1076 2892 1264 2977 προστίθημ’.
1277 2933 1316 2941 -
1332 2898 1388 2958 Vs.
1405 2900 1455 2959 15.
1468 2897 1517 2958 Bi.
1531 2891 1625 2975 ὀπτὴ,

341 3001 413 3063 coll.
437 3004 492 3063 Ar.
523 3003 562 3062 ir.
587 3003 661 3078 302,
687 3003 707 3062 3
738 3001 848 3075 Dind.;
881 3002 998 3076 Metag.
1023 3001 1054 3061 11
1080 3001 1161 3074 753;
1189 2998 1380 3061 Anaxandr.
1404 2999 1452 3060 III
1478 3000 1552 3060 184.
1577 3001 1626 3060 At

341 3103 502 3164 Athenaei
534 3103 631 3165 lectio
662 3101 756 3180 ὤφθη
787 3103 878 3163 ducit
908 3103 950 3162 ed
984 3099 1081 3179 ἑφθή,
1117 3101 1203 3176 quod
1236 3100 1380 3177 repperit
1412 3098 1545 3161 Dohree.
1579 3133 1624 3144 -

340 3205 397 3266 Vs.
424 3205 474 3265 17.
502 3201 633 3265 ἀνθινὸν
656 3206 828 3281 suspectat
849 3204 898 3265 Bl.
923 3205 967 3265 At
991 3204 1030 3266 cs.
1056 3205 1096 3264 21
1119 3199 1329 3282 succinctione.
1355 3235 1395 3246 —
1413 3200 1468 3262 Vs.
1495 3201 1547 3262 23.
1571 3201 1624 3261 Bi.

341 3299 448 3385 ἰχθύδι’
475 3305 574 3367 adrev
596 3303 667 3383 ντί,
692 3305 750 3367 sed
773 3303 873 3366 νύττον
897 3305 1100 3367 sententiam
1128 3303 1228 3365 ordiri
1248 3303 1375 3377 usquin
1396 3301 1517 3362 mellus
1533 3301 1622 3362 idem

341 3406 506 3480 ἀποκνίσας
540 3407 647 3469 αὐτῶν.
684 3408 796 3469 Malim
831 3404 997 3479 ἀποκνίσας
1031 3400 1051 3467 ν’
1090 3405 1219 3466 αὐτῶν
1252 3401 1308 3464 κτὲ.
1342 3439 1382 3450 -
1418 3404 1472 3465 Vs.
1506 3405 1548 3463 28
1571 3419 1624 3478 sq.

340 3507 377 3569 τύ
399 3509 506 3587 κρανία
527 3505 531 3592 Ι
560 3504 710 3590 ἐμόλυν’
738 3507 861 3594 ἀλεύρῳ.
885 3509 1059 3570 Neminem
1084 3508 1233 3569 haesisse
1257 3506 1369 3581 miror,
1390 3519 1467 3565 nam
1492 3505 1624 3579 inqui·

343 3627 441 3673 nare
472 3627 530 3686 pro
567 3625 848 3687 conspergere
884 3610 948 3671 dici
978 3610 1125 3684 potuisse
1156 3608 1231 3684 quis
1260 3621 1362 3668 senus
1394 3606 1529 3682 credat?
1559 3605 1625 3666 lda-

342 3712 472 3790 gnifica,
504 3713 534 3772 si
556 3712 634 3788 quid
656 3712 764 3788 video,
789 3711 926 3773 sotades
958 3710 1093 3772 dederat
1115 3703 1282 3786 ἕπύλνί,
1304 3723 1433 3769 memor
1457 3706 1626 3769 Homerici

341 3815 486 3875 παλύνειν
509 3811 635 3889 ἀλφίτου
659 3811 733 3897 ἀκτῇ
757 3813 815 3874 Od.
840 3811 917 3871 XIV
941 3813 1016 3871 429.
1042 3811 1201 3873 Similiter
1225 3825 1274 3871 ve.
1299 3811 1341 3870 29
1365 3811 1500 3885 scripsit
1519 3824 1625 3872 recor·

342 3918 440 3978 datus
473 3916 535 3977 loci
570 3916 627 3977 Od.
661 3915 687 3974 V
718 3915 793 3990 488,
825 3916 863 3975 ut
893 3912 1128 3973 animadvertit
1159 3912 1261 3973 Koch.
1285 3944 1323 3954 -
1352 3910 1408 3972 Vs.
1434 3912 1486 3974 26.
1519 3910 1626 3990 χήραν.

347 4017 490 4092 ,Gallice
526 4032 574 4077 au
608 4015 805 4077 naturel”
830 4015 893 4090 Βλ,
926 4014 982 4087 qui
1011 4015 1100 4074 reete
1124 4028 1172 4073 vs.
1199 4013 1240 4073 30
1272 4009 1392 4090 ἀφύην,
1414 4013 1499 4088 quod
1522 4012 1625 4074 etiem

343 4119 506 4180 Kockium
535 4119 682 4180 voluisse
713 4120 810 4179 docet
841 4117 938 4178 huius
962 4115 1086 4176 notula.
1112 4149 1153 4159 -
1177 4115 1234 4177 Vs.
1259 4117 1313 4177 61.
1337 4114 1446 4186 ύδατος
1468 4146 1511 4156 -
1534 4113 1629 4190 πολύ,

343 4220 521 4281 multum
562 4236 708 4296 aquae,
746 4234 865 4294 graece
908 4217 1016 4292 paullo
1053 4217 1250 4278 insolentius
1291 4217 1415 4277 dictum
1450 4231 1508 4292 pro
1541 4209 1628 4291 ύδωρ

343 4322 434 4397 πολύ,
456 4335 516 4382 nec
539 4325 651 4383 tamen
676 4322 748 4384 ideo
772 4319 836 4392 ύλις
860 4335 1038 4396 proponere
1063 4320 1249 4380 debueram.
1268 4353 1310 4360 —
1330 4317 1385 4378 Vs.
1406 4317 1459 4378 32.
1481 4315 1627 4391 (terrige-

344 4425 420 4485 bam
444 4419 588 4506 κάίφδίου
607 4438 665 4499 pro
695 4419 745 4482 καί
768 4421 906 4497 πλείονα,
928 4435 988 4482 nee
1012 4421 1168 4496 poenitet.
1194 4454 1234 4466 -
1260 4420 1315 4481 VS.
1341 4419 1384 4480 38
1407 4419 1486 4478 κάτον
1509 4413 1629 4496 στρίφω

345 4526 393 4587 Bl.
419 4525 464 4586 of.
489 4540 589 4600 supra
612 4525 653 4585 ad
676 4524 826 4586 Alexidis
849 4522 889 4585 ir.
917 4524 990 4584 116.

299 4685 480 4756 Timothei
504 4687 543 4748 ir.
570 4688 597 4763 1,
625 4689 653 4747 1.
685 4687 858 4749 Leniorem
883 4685 1187 4761 Schweighaeuseri
1211 4683 1448 4747 correctionem
1472 4676 1634 4761 δποδύνί,

344 4806 389 4852 sc.
415 4788 446 4850 τδ
470 4787 599 4865 ίμύτιον,
621 4790 733 4849 nescio
758 4803 800 4849 an
824 4788 944 4849 merito
967 4785 1131 4862 praeierat
1154 4787 1202 4848 Bi.

300 4894 351 4953 Fr.
376 4892 407 4953 4.
445 4890 477 4950 Si
510 4905 626 4951 revere
655 4892 707 4950 est
737 4889 854 4952 comici
878 4888 1057 4964 Timothei,
1082 4887 1269 4950 necessario
1293 4889 1343 4948 est
1367 4883 1634 4961 paratragoedra.

347 4993 393 5056 df.
420 4992 536 5056 Kockii
560 4994 685 5053 notam.
