3778 5796
981 504 1015 550 Vl

334 675 433 736 editio
463 677 562 737 tertia
591 677 796 754 praegressis
826 680 861 738 et
890 677 1034 753 amplior
1058 682 1092 740 et
1115 677 1329 740 emendatior.
1355 675 1492 752 Qualem
1514 677 1663 751 parasset

334 801 429 862 nobis
470 801 608 863 Gnoson
642 803 798 864 Karsamr
840 803 1004 865 industria
1042 806 1076 865 et
1110 803 1290 878 sagacitas,
1326 802 1391 863 nisi
1424 804 1500 878 post
1532 777 1661 862 ¹editum

335 925 461 988 Siculae
492 929 679 990 comoediae
711 928 865 991 volumen
896 929 986 1006 prius
1010 930 1118 991 virum
1148 929 1355 1005 praeclarum
1385 944 1487 990 saeva
1513 943 1604 990 mors
1627 928 1661 988 in

333 1052 405 1128 ipso
429 1052 518 1114 vitae
540 1053 619 1116 ilore
644 1055 873 1132 oppressisset.

399 1176 472 1239 Tali
503 1194 580 1241 vero
608 1182 766 1256 tantoque
797 1182 929 1257 negotio
956 1197 1016 1257 ego
1040 1183 1113 1259 qui,
1134 1182 1289 1256 quamvis
1313 1182 1353 1242 ab
1377 1181 1512 1243 ineunte
1536 1180 1658 1242 adoles·

334 1306 427 1365 cente
450 1305 595 1367 multum
619 1307 652 1367 in
676 1307 738 1368 hac
755 1307 942 1369 litterarum
961 1311 1054 1384 parte
1074 1310 1241 1385 versatus,
1260 1309 1294 1368 et
1313 1309 1445 1382 propter
1456 1309 1603 1368 aetatem
1616 1340 1657 1348 —

334 1444 448 1491 mense
482 1432 633 1506 proximo
667 1433 831 1513 attingam
865 1449 989 1495 annum
1024 1435 1309 1510 septuagesimum
1343 1433 1525 1494 secundum
1553 1463 1593 1476 -
1624 1433 1660 1492 et

332 1557 464 1631 propter
495 1556 769 1619 bibliothecarum
799 1562 989 1620 nostrarum
1021 1558 1225 1636 publicarum
1250 1527 1466 1634 indigentiam
1492 1591 1532 1604 -
1556 1558 1657 1634 parsi·

332 1681 444 1742 monia
461 1682 523 1743 hac
542 1683 675 1757 quidem
694 1685 727 1744 in
749 1700 784 1745 re
812 1686 978 1747 excellent
999 1686 1198 1762 reipublicae
1221 1685 1477 1747 Nederlandicae
1500 1684 1657 1760 guberna·

332 1809 485 1868 tores-
505 1822 559 1869 me
590 1809 751 1884 imparem
783 1825 856 1872 esse
887 1812 1011 1889 sentio,
1044 1812 1132 1873 volui
1155 1813 1268 1872 tamen
1292 1810 1531 1886 gravissimum
1555 1808 1657 1870 futuri

333 1932 482 2010 editoris,
510 1938 671 2007 quantum
692 1952 837 2015 possem,
863 1937 1007 1999 allevare
1026 1938 1172 2000 laborem
1195 1937 1377 2013 colligendo
1397 1937 1431 1997 et
1451 1934 1658 2006 diiudicando

332 2057 497 2132 permulta
518 2075 602 2133 quae
627 2064 698 2122 tam
718 2063 758 2123 ab
779 2063 853 2124 aliis
875 2079 975 2138 quam
999 2079 1018 2124 a
1041 2079 1096 2125 me
1118 2064 1191 2140 ipso
1211 2066 1255 2133 (et
1278 2062 1359 2124 olim
1377 2050 1415 2122 ¹in
1439 2061 1653 2135 Mnemosyne

331 2184 458 2245 Batava
492 2185 633 2261 alibique
667 2190 701 2248 et
734 2203 822 2250 nunc
855 2191 1010 2266 primum)
1042 2191 1084 2251 ad
1114 2191 1195 2252 haec
1225 2189 1414 2264 fragmenta
1443 2185 1653 2262 explicanda,

330 2310 539 2388 illustranda,
564 2315 771 2376 emendanda
789 2316 917 2392 prolata
935 2313 1061 2394 essent,
1086 2317 1186 2379 simul
1198 2316 1378 2377 identidem
1390 2325 1656 2375 commemorans

331 2450 414 2509 quae
433 2451 520 2498 nova
538 2439 726 2514 fragmenta
744 2442 928 2504 collectioni
951 2443 1139 2504 Koohianae
1162 2442 1341 2504 accessisse
1360 2453 1513 2513 nossem;
1538 2437 1654 2512 quibus

331 2576 418 2623 nova
440 2563 546 2625 editor
568 2566 681 2639 procul
705 2567 801 2629 dubio
826 2568 968 2644 plurima
991 2571 1053 2630 erit
1077 2570 1258 2630 additurus.

397 2690 535 2765 Magnae
568 2695 680 2768 partes
710 2696 808 2764 (iusto
838 2696 983 2757 maiores
1012 2696 1153 2758 forsitan
1183 2696 1304 2756 dixerit
1330 2692 1504 2769 quispiam)
1535 2692 1569 2751 in
1592 2691 1654 2751 hoc

330 2814 412 2876 libro
443 2815 543 2876 tribui
573 2817 735 2880 Frederici
758 2819 925 2895 Bleydeeii
948 2821 988 2882 ad
1013 2819 1222 2882 (iomioorum
1246 2820 1444 2880 Graecorum
1467 2817 1654 2892 fragmenta

330 2939 549 3003 collectaneis.
580 2943 618 3003 ln
648 2960 711 3018 quo
742 2960 837 3020 opere
867 2946 945 3007 licet
967 2947 1160 3008 innumerae
1179 2945 1387 3022 reperiantur
1410 2957 1514 3004 vanae
1538 2943 1651 3003 ariola-

328 3067 448 3142 tiones,
473 3068 570 3142 idque
593 3083 691 3146 saepe
715 3071 748 3131 in
771 3071 860 3132 locos
883 3072 1094 3154 sanissimos,
1119 3073 1213 3133 docto
1234 3076 1267 3132 et
1286 3069 1464 3132 venerabili
1482 3067 1650 3130 seneindi·

329 3191 534 3270 guissimae,
554 3194 669 3255 insunt
698 3197 811 3257 tamen
841 3196 930 3273 haud
959 3212 1065 3272 pauca
1087 3197 1273 3258 rectissime
1297 3195 1473 3257 observata
1496 3209 1555 3255 nec
1577 3208 1650 3254 raro

329 3320 425 3379 acute
454 3321 591 3381 inventa
621 3323 654 3382 et
683 3322 864 3395 probabilia
894 3323 1087 3400 admodum,
1119 3324 1167 3383 ita
1197 3327 1234 3383 ut
1257 3321 1540 3397 operaepretium
1564 3321 1650 3380 vide·

328 3445 420 3505 retur
449 3444 622 3520 diligenter
652 3446 806 3522 indagare
835 3449 912 3522 quid
943 3449 993 3508 vir
1016 3448 1055 3509 de
1078 3448 1205 3524 graecis
1229 3448 1350 3508 litteris
1373 3462 1430 3523 per
1455 3447 1559 3506 vitam
1582 3446 1650 3506 lon·

328 3572 501 3646 giselmam
522 3571 758 3633 benemeritus
778 3574 818 3634 ad
837 3574 918 3635 haec
930 3574 1118 3649 fragmenta
1128 3575 1324 3637 illustranda
1336 3578 1433 3649 atque
1446 3573 1651 3635 emendanda

328 3698 716 3778 contulerit.,Dolendum
735 3702 788 3760 est
807 3715 887 3761 sane
906 3702 991 3774 quod
1010 3702 1228 3762 immoderato
1240 3701 1371 3774 quidvis
1382 3701 1501 3776 peries
1513 3703 1546 3761 et
1558 3699 1650 3760 nefas

328 3825 494 3903 mutandi,
531 3824 623 3887 nulla
653 3841 751 3900 saepe
788 3827 902 3888 habita
935 3829 1224 3904 palaeographices
1261 3829 1403 3904 ratione,
1440 3826 1581 3902 libidini,
1608 3859 1648 3870 -

328 3951 696 4028 Wakefieldiasin,
723 3953 827 4014 critici
850 3955 948 4029 Angli
968 3955 1007 4015 de
1028 3955 1174 4031 nomine,
1195 3954 1382 4016 ioculariter
1401 3968 1477 4014 eum
1496 3952 1649 4013 morbum

327 4076 535 4151 appellebant
546 4080 689 4140 maiores
701 4080 805 4141 nostri
818 4115 858 4123 -
868 4082 975 4156 magis
987 4082 1159 4156 magisque
1172 4081 1347 4156 indulgens
1359 4082 1409 4141 vir
1422 4094 1523 4153 aeque
1535 4079 1651 4140 doctus

327 4217 366 4262 ac
396 4204 586 4278 ingeniosus
615 4219 694 4266 suae
714 4206 818 4282 ipsius
848 4175 956 4267 famae
987 4208 1034 4267 ita
1064 4207 1188 4284 offecit,
1217 4209 1255 4267 ut
1277 4205 1351 4266 libri
1375 4206 1445 4266 eius
1468 4202 1649 4265 incredibili

327 4330 494 4392 celeritate
514 4330 618 4394 altere
630 4333 731 4394 alium
752 4335 953 4408 excipientes
966 4350 985 4395 a
997 4333 1178 4395 iunioribus
1197 4335 1265 4394 fere
1278 4332 1452 4408 philologis
1463 4331 1538 4407 plue
1550 4343 1649 4404 quam

326 4461 496 4519 merentur
525 4459 780 4535 vilipendantur.
805 4460 874 4536 Quo
904 4462 1012 4536 magis
1035 4461 1088 4520 his
1110 4461 1191 4534 ipsis
1214 4460 1328 4521 diebus
1351 4457 1486 4534 gavisus
1509 4472 1584 4518 sum
1608 4456 1648 4516 ab

326 4583 451 4659 optimo
476 4585 545 4646 viro
569 4586 653 4646 dono
679 4588 843 4663 accipiens
874 4587 1132 4662 spicilegium
1165 4587 1235 4647 eius
1260 4585 1530 4661 Sophocleum,
1551 4597 1647 4644 com·

326 4711 583 4772 monterium
606 4717 855 4790 perpetuum
887 4715 927 4775 in
950 4716 1114 4789 septem
1145 4713 1373 4787 Sophoclis
1397 4689 1648 4786 tragoediae

327 4839 555 4902 continens
587 4842 692 4912 (Halia
725 4843 893 4903 Saxonum
917 4857 946 4902 a.
975 4841 1084 4918 1903),
1109 4841 1143 4901 in
1167 4857 1230 4915 quo
1253 4840 1335 4902 libro
1359 4840 1522 4916 stupenda
1544 4837 1646 4901 erudi·

324 4966 414 5030 tione
436 4966 567 5042 singula
589 4982 692 5043 paene
715 4971 830 5045 poetae
854 4968 954 5030 verba
976 4969 1062 5030 nube
1085 4967 1312 5043 exemplorum
1329 4967 1525 5044 illustravit,
1549 4967 1646 5028 absti-
