3748 5792
965 495 1027 554 114

379 685 416 744 ln
435 700 485 745 vs.
497 683 618 745 ultimo
637 697 702 744 non
721 682 822 757 probo
834 681 946 744 (lebeti
959 683 1184 743 coniecturam
1196 688 1303 741 τοῦτον
1316 679 1435 741 διδόναι
1447 679 1547 757 νόμιζε
1558 701 1582 738 α.
1594 700 1620 737 ν.
1632 683 1656 736 1.

335 785 386 847 1ἰ.
412 785 465 860 21,
491 786 522 847 2.
547 777 639 863 φράζ’
666 783 710 844 du
734 784 851 845 malim
875 799 950 846 cum
975 783 1025 845 Β1.
1050 818 1091 828 -
1116 785 1171 844 Vs.
1196 787 1227 846 3.

602 889 638 946 A.
662 885 752 965 ἰχθῦς
775 893 981 964 φρονοῦντας,
1004 877 1028 946 ὦ
1050 885 1156 964 πάτερ,
1177 885 1220 964 μή
1243 907 1293 962 μοι
1317 882 1425 966 βρέφη.

601 990 634 1047 Β.
657 986 714 1048 oria
738 981 816 1047 οἶσθ’
842 986 901 1048 ὅτι
925 985 1144 1068 τάργύριον
1167 982 1221 1048 ἐστ’
1247 987 1420 1068 ἰσάργυρον.

378 1091 482 1166 Kock,
515 1091 692 1166 plaudente
715 1089 775 1166 Β1.,
804 1091 943 1152 coniecit
967 1086 1030 1166 ὁτιὴ
1054 1087 1232 1168 τούψάριον,
1254 1106 1337 1166 quae
1362 1091 1461 1152 lectio
1483 1090 1566 1150 milri
1588 1089 1656 1164 qni·

377 1194 453 1255 dem
475 1194 583 1269 placet
605 1192 826 1268 mediocriter,
847 1195 882 1252 et
903 1192 989 1266 quod
1012 1194 1150 1267 excepto
1173 1193 1399 1254 linesimacho
1426 1191 1553 1252 nullum
1579 1190 1659 1250 novi

377 1295 541 1355 comicum
573 1294 629 1368 qui
652 1289 732 1369 draci,
754 1293 838 1368 quod
869 1294 966 1368 quia
992 1293 1179 1368 significare
1202 1293 1341 1369 assolet,
1366 1308 1424 1369 pro
1446 1291 1589 1362 (tradito)
1612 1289 1658 1350 ὅτι

378 1396 563 1470 usurpavit,
585 1397 618 1455 at
637 1395 721 1470 quod
741 1395 775 1454 in
794 1409 953 1470 responso
970 1395 1317 1470 lueratindicandum,
1338 1397 1451 1454 utrum
1469 1392 1656 1464 obsonium,

379 1498 521 1558 maiores
541 1512 583 1558 en
603 1497 724 1558 minuti
742 1497 864 1573 pisces,
885 1499 1022 1572 argemo
1041 1499 1159 1558 contra
1177 1511 1291 1557 carum
1310 1511 1384 1557 esse
1403 1495 1659 1570 alterapersona

378 1599 511 1659 diceret.
543 1598 626 1675 Quia
656 1601 768 1659 autern
799 1595 959 1677 τάργύριον
982 1598 1161 1658 manifesta
1184 1598 1406 1673 dittographia
1428 1599 1544 1658 natum
1567 1599 1616 1657 est
1639 1613 1657 1656 e

378 1701 527 1774 sequenti
552 1698 724 1779 ἰσάργυρον,
745 1715 812 1761 nou
830 1700 929 1761 anxie
948 1700 1002 1759 hic
1021 1698 1215 1775 respiciendi
1234 1701 1313 1760 sunt
1331 1697 1519 1758 litterarum
1540 1698 1657 1773 apices.

379 1800 601 1876 Expectabam
625 1802 751 1876 potins:

603 1901 659 1962 οὐκ
682 1895 761 1963 οἷσθ’
786 1901 843 1963 ὅτι
867 1895 1018 1980 τοῦψόν
1041 1897 1094 1963 ἔστ’
1128 1897 1271 1963 <lueth
1298 1901 1477 1983 ἰσάργυρον,

378 2003 435 2065 Vs.
460 2004 490 2064 2.
514 2002 597 2065 Cum
621 2003 670 2064 Β1.
696 2005 809 2066 malim
833 1999 924 2081 φράζ’
953 2003 1026 2065 ὅτι.

335 2105 385 2166 Fr.
407 2107 459 2180 22,
481 2107 511 2166 2.
531 2105 578 2167 De
597 2108 842 2167 constructione
861 2107 909 2168 Β1.
930 2108 985 2167 cit.
1006 2108 1062 2168 Ar.
1083 2108 1165 2170 Acir.
1186 2108 1249 2168 301
1271 2111 1305 2167 et
1323 2105 1656 2179 Alexid.11147111.,

379 2223 427 2268 vs.
452 2209 472 2268 3
495 2209 584 2268 recte
607 2208 746 2283 probata
769 2208 904 2270 Elmslei
928 2211 1129 2270 correctione
1151 2217 1229 2269 ποιῶ
1252 2224 1316 2281 σοις

334 2307 386 2368 l'r.
412 2309 463 2384 23,
489 2311 515 2370 1.
541 2310 633 2370 idem
657 2309 712 2370 cit.
736 2310 791 2370 Ar.
816 2309 898 2371 Nub.
919 2313 984 2372 655
1005 2307 1122 2390 ἀγρεῖος
1141 2309 1169 2371 σι’
1185 2307 1235 2369 καὶ
1255 2306 1373 2385 σκαιός,
1392 2309 1508 2370 deinde
1527 2309 1659 2370 inutilia

378 2410 539 2484 quaedam
562 2413 706 2472 tentans.
722 2445 762 2454 —
776 2411 832 2472 Vs.
857 2412 887 2472 2.
911 2409 966 2488 τὴν
990 2415 1120 2490 γλῶτταν
1143 2415 1289 2490 φορεῖς.
1312 2411 1382 2472 Ηοο
1404 2409 1514 2471 solnm
1533 2411 1567 2470 in
1586 2410 1657 2471 tali·

379 2511 440 2572 bus
458 2513 599 2573 atticum
619 2513 679 2572 est.
693 2513 812 2573 Aescu.
826 2513 937 2588 Suppl.
951 2515 1015 2575 994
1036 2516 1070 2574 et
1082 2513 1179 2589 Soph.
1192 2515 1230 2575 tr.
1245 2515 1307 2575 811
1322 2507 1418 2572 Nclrl.
1435 2511 1525 2573 male
1537 2513 1660 2573 tradita

380 2615 458 2673 sunt
481 2609 565 2690 φέρει
588 2614 622 2673 et
644 2609 730 2695 φέρῃ.

335 2715 387 2775 Fr.
413 2715 466 2790 25,
492 2715 523 2775 2.
547 2729 622 2775 oum
646 2714 694 2774 Β1.
719 2713 792 2791 lege
815 2712 929 2776 οὔκουν
953 2750 993 2760 -
1017 2714 1128 2796 nysae

336 2816 386 2876 Fr.
412 2817 464 2891 26,
493 2818 520 2876 l.
545 2813 607 2877 Ort.
638 2815 725 2876 idem
756 2811 920 2894 ἡδυόσμοις
950 2818 1099 2898 στρώμασι
1129 2821 1231 2880 Arist.
1262 2821 1302 2881 fr.
1333 2819 1366 2879 II
1399 2819 1483 2880 1178
1508 2818 1548 2879 Μ.
1584 2819 1659 2878 Per·

379 2933 493 2992 peram
527 2933 603 2979 varo
633 2919 754 2979 eximie
783 2920 908 2981 dictum
939 2925 1104 2994 ψακαστοῖς
1135 2922 1168 2982 in
1199 2921 1336 2997 vulgare
1363 2924 1513 2980 σααααοῑσι
1535 2921 1660 2981 mutari

380 3020 480 3094 iubet,
504 3019 562 3080 sed
584 3019 653 3080 iere
675 3020 903 3098 praetulerim,
935 3023 1014 3083 licet
1038 3025 1170 3099 propter
1193 3022 1387 3085 violentiam
1410 3022 1493 3082 nihil
1512 3025 1658 3098 mutem,

380 3117 577 3198 κᾶρὸομαι
598 3116 603 3198 Ι
625 3120 730 3197 μύροις
753 3126 919 3196 ψακαστοῖς
942 3139 1000 3199 pro
1024 3121 1088 3183 nal
1111 3125 1217 3203 μύροις
1239 3118 1244 3205 1
1264 3127 1409 3201 λοῦμαι
1432 3128 1607 3199 ψακαστοῖς.

335 3223 385 3283 Fr.
422 3225 474 3284 28.
510 3222 613 3283 Valde
647 3223 730 3282 mihi
764 3224 897 3298 quidem
932 3225 1054 3286 arridet
1083 3227 1200 3286 Koclrii
1230 3226 1404 3302 correctio,
1435 3240 1514 3287 nam
1546 3225 1659 3286 durior

380 3324 549 3400 anapaesti
568 3324 698 3400 incisio,
720 3324 753 3384 in
777 3340 842 3399 qua
861 3326 1000 3387 haerens
1019 3327 1067 3386 Β1.
1088 3328 1227 3388 coniecit
1248 3325 1400 3389 <ααίαοι>
1419 3331 1497 3402 φιλῶ
1519 3347 1551 3406 γε
1572 3325 1659 3404 Πρά-

379 3448 467 3502 μνιον
490 3423 540 3486 καὶ
571 3422 713 3504 Λέσβιον,
740 3427 895 3488 excusari
916 3428 1046 3489 videtur
1068 3433 1141 3490 arta
1159 3429 1395 3498 vocabulorum
1418 3429 1659 3490 coniunctione.

379 3529 425 3589 De
447 3529 524 3589 vino
547 3528 702 3590 Pramnio
727 3529 766 3589 ci.
792 3531 975 3591 vLeeuwen
1001 3531 1040 3592 ad
1064 3531 1120 3606 aq.
1148 3533 1221 3594 107.

334 3731 510 3797 Anaxllne
532 3733 570 3792 ir.
595 3732 688 3792 4131.
713 3728 831 3792 iuliani
854 3748 885 3792 σε
909 3736 999 3809 apte,
1024 3734 1082 3795 sed
1105 3735 1209 3795 nimio
1233 3735 1415 3796 molimine.
1435 3733 1659 3796 Probabiliora

377 3837 553 3895 suaserunt
576 3833 722 3895 Meinolre
746 3836 778 3893 et
803 3833 904 3895 Koclr.
936 3835 1004 3895 Nec
1027 3834 1127 3910 probo
1146 3836 1293 3897 eiusdem
1315 3837 1540 3897 coniecturam
1564 3836 1615 3911 12,
1638 3837 1655 3894 1

377 3934 533 4014 ὑλιβάσας,
556 3935 639 4009 quod
664 3937 856 4009 suspectum
881 3936 965 4010 apud
986 3936 1208 4010 Antiphanem
1233 3939 1305 4013 133,
1332 3938 1351 3996 3
1375 3938 1428 3998 hic
1446 3938 1538 3998 omni
1557 3950 1656 3997 sensu

377 4037 573 4098 destitutum
597 4038 657 4096 est.
682 4035 797 4096 Koclrii
820 4037 1025 4110 suspiciones
1044 4039 1163 4100 saltem
1184 4040 1326 4115 speciem
1349 4037 1483 4115 habent,
1504 4037 1657 4112 quamvis

378 4141 521 4200 incertae
545 4142 578 4200 et
600 4139 701 4214 ipsae.

334 4243 383 4300 Fr.
401 4243 450 4317 15,
464 4243 491 4302 1.
511 4239 649 4320 αρίχορδα
666 4255 779 4300 meum
792 4240 907 4315 probat
919 4240 967 4301 Β1.
982 4241 1102 4303 Utrum
1115 4241 1264 4319 κιοδαψός
1277 4243 1405 4317 (Photl,
1418 4242 1503 4317 quod
1515 4240 1656 4317 praefert

378 4341 436 4418 Bl,
454 4357 497 4403 an
520 4341 687 4416 σκιαδαφός
707 4343 850 4414 (Athen.)
870 4344 1014 4417 genuina
1033 4344 1079 4404 sit
1098 4344 1311 4405 instrumenti
1330 4344 1436 4404 forma
1454 4343 1654 4418 ignoramus.

333 4446 385 4505 Fr.
412 4445 462 4520 18,
490 4447 518 4507 l.
554 4449 688 4516 στακτοῖς
721 4461 780 4521 pro
811 4445 938 4516 ξανθοῖς
969 4446 1040 4505 sine
1072 4461 1171 4508 causa
1200 4447 1249 4507 Β1.
1275 4479 1313 4488 -
1340 4445 1395 4506 Vs.
1427 4447 1457 4506 4.
1489 4445 1652 4520 Typorum

378 4545 496 4607 vitium
517 4540 577 4629 dd’
600 4546 781 4605 κιάοτωα
801 4562 859 4622 pro
879 4561 917 4606 eo
936 4547 1019 4621 quod
1037 4549 1241 4609 conieceram
1254 4542 1287 4630 ᾤ’
1309 4544 1508 4607 &atrimae
1526 4545 1604 4606 fecit
1617 4545 1653 4604 ut

377 4648 462 4708 hanc
485 4649 707 4710 certissimam
732 4648 1012 4725 emendationem,
1033 4651 1067 4711 in
1086 4665 1185 4724 quam
1208 4650 1368 4711 inciderat
1392 4661 1518 4722 quoqne
1541 4643 1654 4705 Koclrii

377 4748 487 4824 irater,
509 4749 585 4810 huic
604 4750 718 4811 cedere
738 4750 899 4811 deberem.
915 4785 955 4793 -
968 4750 1024 4812 Vs.
1047 4753 1075 4812 7.
1093 4746 1239 4829 Ἐφεσήια
1258 4749 1413 4832 γράμματα
1432 4746 1516 4808 καλά.
1533 4747 1652 4809 Vereor

376 4865 417 4911 ne
431 4865 537 4912 vanae
549 4850 616 4912 sint
628 4851 745 4913 Koclrii
759 4851 946 4912 coniectura
958 4851 1047 4910 καιοά
1059 4855 1092 4912 et
1104 4853 1271 4927 Blaydesli
1282 4849 1397 4932 κρυπτά
1409 4853 1468 4912 aut
1478 4848 1593 4929 γραατά
1604 4843 1650 4922 (l),

377 4954 434 5012 aut
454 4951 572 5022 (Add.)
599 4946 753 5031 ypuppdrr'
771 4948 861 5022 dna,
880 4955 914 5012 et
938 4953 1084 5018 comicus
1103 4969 1220 5015 revera
1242 4957 1376 5030 propter
1402 4951 1547 5012 ionicum
1568 4942 1652 5024 Ἐφε-

376 5051 446 5132 σήια
470 5054 510 5114 de
533 5054 696 5114 industria
718 5053 860 5115 ionicam
883 5054 1069 5128 prosodiam
1094 5056 1248 5118 adiectivi
1271 5054 1360 5126 καλός
1384 5051 1566 5114 admiserit.
