3748 5792
996 474 1038 534 94

557 661 590 724 rb
616 657 729 740 <μέν>
755 660 812 742 γὰρ
836 660 1058 738 αἰδεῖσθαι,
1082 660 1177 738 μόνον
1200 659 1239 721 άν
1262 685 1305 736 τις
1328 658 1403 724 τοῦτ’
1429 661 1494 748 ἔχῃ,

557 761 704 841 εὔηθές
727 761 787 824 ἐστι
810 761 860 823 καλ
883 761 915 824 τὸ
939 771 999 824 τῶν
1023 761 1216 842 ἀδικημάτων

556 863 598 944 μὴ
621 865 785 945 λαμβάνειν
807 862 859 937 τάς
882 861 967 938 άξλας
989 865 1147 946 τιμωρίας,

558 967 649 1029 ἐλεεῖν
673 963 705 1026 δὲ
727 965 856 1040 πάντας.

401 1073 435 1132 iu
466 1071 584 1145 quibus
613 1070 732 1132 ultima
761 1070 863 1132 verba
892 1069 1022 1145 egregie
1053 1074 1264 1146 opponuntur
1292 1081 1331 1155 τῷ
1361 1070 1513 1133 αἰδεῖσθαι
1537 1070 1677 1150 ἁπλῶς,

402 1175 463 1234 hoc
486 1173 574 1234 enim
599 1172 661 1233 sibi
686 1172 802 1233 volunt
824 1169 925 1232 verba
948 1169 1043 1248 μόνον
1067 1169 1127 1254 ἔχῃ.

358 1276 409 1336 Fr.
435 1276 510 1351 248,
538 1277 552 1335 1
589 1275 638 1336 Bl.
669 1273 803 1350 supplet
832 1272 862 1333 τί
888 1283 985 1356 cappa
1016 1275 1074 1334 aut
1104 1271 1134 1332 τί
1161 1283 1292 1346 aronam
1322 1277 1357 1336 et
1386 1279 1500 1338 contra
1523 1289 1679 1338 numeros

400 1374 462 1436 οἰσέ
491 1399 517 1435 τι
547 1379 738 1454 καταφαγεῖν.
770 1374 878 1436 Teneo
908 1377 1056 1434 veterem
1088 1375 1322 1437 coniecturam.
1358 1376 1429 1438 Non
1460 1377 1599 1439 meliora
1629 1379 1676 1439 Bl.

402 1493 448 1539 vs.
474 1480 493 1540 3
517 1477 640 1553 profert
662 1476 839 1552 propositis
863 1491 882 1536 a
904 1475 1046 1549 Nabero,
1072 1475 1255 1551 compluria
1277 1479 1423 1539 tentans.

356 1580 406 1640 Fr.
433 1580 507 1653 251,
536 1581 563 1640 l.
587 1575 724 1656 γυναιξλν
747 1577 795 1638 Bi.
819 1576 908 1638 dur?
931 1609 963 1618 -
983 1575 1039 1637 Vs.
1066 1577 1096 1636 3.
1122 1576 1198 1638 Sive
1222 1577 1355 1653 spurius
1378 1582 1446 1656 est,
1470 1581 1542 1641 sive
1565 1580 1674 1656 genui·

401 1696 478 1753 nus,
503 1681 625 1740 misere
649 1679 820 1755 languet

357 1783 409 1844 Fr.
434 1783 508 1856 255,
537 1782 564 1842 1.
589 1779 693 1856 Βωμός
724 1780 848 1856 optime
878 1781 990 1839 tuetur
1014 1779 1048 1840 Ο.
1069 1777 1204 1839 drusius
1233 1781 1267 1838 in
1290 1779 1459 1855 Philologo
1483 1781 1539 1843 1.1.
1564 1783 1615 1852 (ad
1638 1782 1675 1842 fr.

402 1884 487 1958 245),
523 1883 595 1944 coll.
627 1883 718 1943 Ovid.
751 1882 848 1943 Trist.
874 1880 918 1940 IV
942 1883 971 1956 b,
999 1883 1011 1940 l
1048 1895 1116 1955 sq:
1152 1881 1177 1941 O
1207 1881 1291 1941 mihi
1319 1881 1457 1944 dilectos
1487 1882 1572 1944 inter
1602 1899 1676 1958 pars

402 1985 508 2060 prima
537 1984 669 2046 sodales
691 1980 695 2062 Ι
716 1985 840 2045 unica
869 1982 1060 2044 fortunis
1090 1999 1162 2044 ara
1193 1986 1362 2059 reperta
1385 1985 1500 2045 meis.
1524 1983 1673 2046 ceterum

400 2084 490 2161 ὅρμος
508 2100 574 2146 non
592 2085 708 2145 Kockii
727 2087 779 2144 est
797 2084 854 2145 sed
875 2083 1028 2144 Meinekii
1052 2085 1256 2160 coniectura,
1277 2087 1315 2145 ut
1335 2087 1467 2146 monuit
1477 2087 1604 2162 Nauck,
1624 2087 1676 2159 qui

399 2189 529 2250 Arseuii
555 2187 730 2248 lectionem
750 2202 815 2247 non
835 2185 911 2244 ι’δεῑν
929 2183 986 2264 γὰρ
1006 2187 1137 2266 prohat,
1158 2187 1317 2260 rescripto
1338 2187 1426 2263 δεῦρο
1445 2186 1563 2263 μισεῖς
1583 2196 1677 2246 τοῦτο.

356 2290 407 2351 Fr.
433 2291 508 2365 256,
535 2291 564 2349 2.
596 2296 648 2348 τοο
678 2287 866 2367 ταράγματος,
895 2288 966 2349 soil.
992 2295 1044 2347 τοο
1067 2285 1182 2366 ψέγειν,
1204 2287 1290 2363 quod
1315 2302 1433 2349 moneo
1457 2291 1589 2364 propter
1612 2289 1673 2362 Bl.,

400 2392 488 2453 maie
512 2393 592 2452 haec
615 2391 861 2452 sollicitantem.

357 2495 408 2554 Fr.
434 2495 508 2554 258.
535 2493 579 2553 Ut
602 2497 712 2569 μᾶλλον
737 2493 959 2568 intellegatur,
984 2507 1119 2552 necesse
1143 2494 1194 2553 est
1218 2493 1433 2568 praecesserit
1457 2491 1605 2570 βούλομαι
1628 2491 1679 2552 vel

400 2595 543 2672 αἱροῦμαι
566 2594 716 2655 similare
741 2594 891 2670 verbum,
917 2608 1023 2667 neque
1050 2593 1152 2668 igitur
1174 2594 1353 2667 requiritur
1375 2598 1507 2671 κρεῖττον
1530 2609 1604 2654 cum
1631 2593 1677 2654 Bl.

357 2697 407 2757 Fr.
434 2699 507 2772 262,
537 2699 563 2756 1.
588 2695 823 2769 insanabilem,
851 2695 870 2754 i.
891 2711 918 2755 e.
943 2710 1009 2754 non
1033 2697 1123 2755 certa
1146 2696 1274 2755 ratione
1298 2696 1498 2769 sanabilem,
1525 2695 1611 2755 haud
1636 2697 1681 2755 iia

400 2800 540 2872 temere,
574 2801 610 2858 ut
641 2797 764 2858 Koclrio
796 2797 887 2856 visus
918 2797 982 2870 est,
1009 2795 1093 2858 dixit
1116 2795 1228 2856 Cobet.
1253 2796 1332 2871 Quis
1356 2797 1444 2857 euim
1469 2811 1591 2870 quaeso
1615 2812 1679 2856 cer-

400 2903 470 2960 tam
504 2900 590 2960 dicet
624 2913 723 2972 quam
758 2897 938 2958 violentam
974 2899 1033 2957 aut
1073 2897 1144 2971 ipse
1185 2898 1390 2973 excogitavit
1424 2897 1588 2959 medelam
1623 2901 1681 2958 aui

398 3004 515 3077 postea
537 3001 600 3076 Bi,
632 3014 818 3076 proponens
841 2996 920 3070 ὅστις
944 2993 976 3057 δὲ
999 2995 1073 3074 πρὸς
1097 2997 1183 3076 χάριν
1206 3020 1233 3057 τι
1256 2997 1296 3075 μὴ
1320 3003 1404 3059 ποιεῖ
1422 2997 1524 3077 πατρί,
1550 3001 1675 3060 utrum-

399 3119 462 3178 que
485 3118 601 3178 parom
625 3104 716 3177 apte,
741 3101 817 3176 quia
839 3100 887 3160 sic
910 3100 1015 3160 nimia
1037 3101 1250 3174 exaggeratio
1274 3101 1382 3160 estin
1405 3115 1453 3162 va.
1479 3116 1526 3175 sq.

488 3204 610 3263 πάντων
634 3199 671 3262 liv
695 3194 782 3272 οὗτος
806 3199 1010 3278 κατεφρόνησε
1035 3200 1274 3279 (καταφρονῆσαι
1297 3202 1405 3273 Mein.)
1429 3210 1487 3262 τῶν
1510 3206 1602 3260 θεῶν.

399 3308 530 3380 propter
560 3321 657 3381 quem
690 3303 866 3366 credideris
888 3303 1025 3378 gravius
1048 3302 1178 3377 aliquod
1203 3305 1326 3364 crimen
1351 3305 1581 3365 antecessisse.
1613 3302 1676 3363 lta-

398 3422 460 3480 que
484 3407 605 3467 saltem
628 3406 826 3483 probabilior
849 3404 978 3464 videtur
1000 3403 1085 3464 leuis
1108 3405 1266 3466 correctio
1289 3405 1405 3478 haece:

489 3506 567 3580 ὅστις
594 3503 620 3568 δ’
648 3504 897 3586 ὁμολογήσας
921 3527 963 3580 τι,
986 3502 1027 3581 μή
1050 3509 1134 3565 τισιεῖ
1150 3506 1252 3583 πατρί,
1275 3503 1334 3582 κτλ,

398 3625 457 3685 pro
479 3608 535 3690 μὰρ
559 3606 715 3691 ὁμόλογον,
738 3609 791 3671 vel
814 3605 967 3686 ὁμολογῶν
992 3607 1071 3678 (cod.
1096 3608 1134 3668 A.
1160 3607 1272 3677 Stobi.

326 3720 330 3727 '
442 3713 508 3773 Nec
530 3715 643 3773 tamen
665 3712 718 3772 vel
741 3711 803 3771 hoc
826 3709 923 3785 plane
947 3708 1030 3768 mihi
1052 3709 1217 3770 satisfacit
1240 3711 1373 3784 propter
1395 3708 1487 3787 ααιρλ
1508 3725 1527 3770 a
1550 3709 1677 3770 comico

398 3815 543 3888 positum
572 3814 643 3874 siue
673 3812 826 3888 articulo,
859 3811 893 3870 in
924 3826 987 3885 quo
1019 3825 1116 3871 uerno
1148 3810 1296 3870 haesisse
1327 3809 1468 3872 videtur.
1493 3810 1574 3886 Quia
1597 3825 1676 3870 vero

398 3915 501 3975 etiam
535 3916 568 3975 in
603 3916 706 3976 altero
736 3927 835 3973 versu
866 3910 1043 3986 probabilis
1073 3911 1225 3971 Meiuelrii
1256 3913 1414 3973 correctio
1449 3912 1677 3990 καταφρονῆσαι

398 4019 541 4092 tragicae
571 4018 680 4092 potius
711 4018 763 4077 est
793 4029 891 4089 quam
922 4012 1068 4073 comicae
1099 4012 1265 4088 dictionis,
1291 4013 1386 4075 cuius
1410 4017 1462 4075 est
1484 4013 1676 4074 terminatio

398 4121 471 4194 σἐῖε,
496 4119 566 4180 fieri
590 4121 699 4194 potest
721 4122 758 4177 ut
780 4116 1006 4189 fragmentum
1030 4127 1096 4171 non
1120 4113 1315 4190 Antiphani,
1339 4115 1396 4175 sed
1420 4115 1546 4188 tragico
1564 4114 1676 4175 nescio

397 4221 448 4280 cui
479 4221 666 4296 (Euripidi‘h
698 4219 744 4280 sit
774 4215 996 4278 tribuendum.
1029 4213 1157 4273 Mentiri
1188 4217 1301 4275 autem
1333 4215 1371 4276 ir.
1400 4216 1464 4276 264
1496 4215 1675 4276 abeodem

398 4321 537 4382 Stobaeo
568 4321 747 4396 Antiphani
781 4319 942 4379 tributum
972 4315 1070 4374 huius
1097 4330 1217 4376 nomen
1249 4315 1409 4391 hodieque
1440 4319 1477 4376 ut
1499 4316 1578 4377 olim
1602 4332 1673 4378 con·

397 4423 506 4483 tende.
541 4423 619 4499 Quis
653 4435 775 4496 quaeso
810 4421 906 4479 vetus
939 4418 1036 4491 poeta
1066 4413 1120 4492 τὴν
1150 4415 1279 4496 καρδίαν
1310 4418 1358 4478 sic
1388 4420 1582 4493 usurpasset
1614 4433 1674 4493 pro

397 4522 452 4600 τὴν
477 4524 604 4602 spuma?

353 4626 404 4686 Fr.
429 4625 503 4701 266,
532 4627 559 4686 1.
585 4625 633 4686 Bl.
657 4623 852 4686 coniecturis
874 4619 964 4680 addit
991 4617 1033 4689 τίς
1060 4615 1127 4697 οὐχλ
1146 4619 1270 4705 θανάτῳ
1291 4620 1490 4700 μισθοφόρων
1514 4617 1674 4697 ὀφείλεται;

397 4729 521 4787 temere
551 4727 657 4787 deleto
682 4721 720 4784 δ’.
751 4724 829 4785 Mihi
859 4721 992 4797 quidem
1023 4719 1117 4780 valde
1149 4723 1272 4783 arridet
1301 4722 1479 4784 (lobetiana
1505 4727 1674 4804 θανστρ,

396 4830 528 4889 servata
551 4828 673 4888 tradita
695 4828 834 4887 lectione
859 4816 881 4882 ὦ
905 4820 1044 4898 φιλτάτης
1073 4822 1138 4882 nisi
1163 4825 1246 4897 quod
1271 4826 1371 4885 etiam
1396 4823 1594 4901 μισθοφόρων
1615 4840 1673 4899 pro

395 4928 505 4990 inutili
529 4929 631 4989 Grotii
655 4930 843 4989 coniectura
865 4921 1057 5002 μισθοφόρος
1081 4927 1315 4987 revocaverim.
1341 4927 1377 4986 In
1398 4926 1437 4987 fr.
1460 4927 1522 4987 267
1544 4927 1577 4986 et
1595 4926 1672 4986 aiibi

396 5046 491 5092 verae
515 5030 672 5092 lectiones
695 5031 773 5089 sunt
798 5022 1005 5107 ἀποθνῄσκειν
1029 5027 1062 5084 et
1084 5023 1289 5104 γί<γ>νετοι
