3718 5788
986 498 1047 557 198

353 681 524 764 Euangeii
548 685 586 745 fr.
616 687 641 760 l,
672 687 697 746 i.
722 681 859 763 τέτταρας
887 689 1047 746 <θεῖναι>
1076 683 1218 762 τραπέζας
1239 685 1286 746 Bi.
1307 685 1424 746 Melius
1443 689 1541 744 ποιεῖν
1561 684 1667 744 inserit

398 785 553 846 Meineke.
585 785 630 846 cf.
655 786 874 860 τραπεζοποιός.
895 821 936 831 -
957 786 1012 847 VS.
1033 789 1063 847 3.
1088 787 1235 862 βούλομαι
1258 783 1314 864 γὰρ
1337 785 1386 846 Bl.
1410 786 1498 846 Nihil
1522 801 1613 860 opha.
1632 819 1665 829 -

398 885 453 946 Vs.
478 888 509 947 4.
541 885 630 958 αὐτὸς
658 887 788 964 σοάξερῶ
812 889 915 964 idom,
941 890 998 950 sed
1022 889 1119 964 longe
1143 889 1357 964 praeferenda
1380 888 1502 949 tradita
1525 887 1620 947 lectio
1641 891 1670 946 et

396 1002 531 1061 prorsus
550 988 676 1048 inutilis
696 992 747 1049 est
767 990 916 1050 eiusdem
935 991 1124 1051 coniectura
1143 991 1246 1066 λαβεῖν
1261 1005 1319 1065 pro
1331 987 1403 1068 γένη
1417 1005 1466 1050 vs.
1480 992 1510 1050 5.
1523 988 1626 1048 -Vs
1642 990 1668 1048 8.

397 1081 444 1170 ᾤ’,
466 1085 594 1164 ἄμητας,
617 1098 753 1166 σησαμᾶς
777 1091 875 1151 idem.
901 1092 971 1152 Non
996 1091 1124 1152 accedo.
1145 1123 1178 1133 -
1201 1091 1257 1152 Vs.
1286 1092 1335 1152 19.
1361 1089 1508 1168 ἐπαίρειν,
1532 1091 1602 1151 scil.
1621 1089 1670 1164 τὴν

396 1191 862 1268 χεῖρο,ίιουο1υίσιριολαίυι,
888 1192 960 1253 coll.
985 1193 1040 1254 Ar.
1065 1193 1120 1268 idq.
1149 1194 1244 1268 1130,
1278 1193 1332 1251 uhi
1363 1195 1414 1254 est
1438 1193 1576 1253 verbum
1599 1192 1669 1252 sim·

398 1290 483 1364 plex.
515 1289 561 1351 Of.
594 1292 696 1352 etiam
728 1293 867 1367 Lysistr.
900 1295 964 1354 799
997 1292 1172 1365 κάνατείνας
1196 1293 1331 1353 λακτίσαι
1355 1297 1389 1354 et
1412 1294 1532 1354 Herod.
1557 1293 1587 1352 ΙΙ
1614 1295 1669 1352 162

397 1390 436 1452 de
467 1391 631 1467 Gambyze
655 1390 765 1470 ἐπάρας
797 1395 877 1465 (scil.
902 1394 953 1454 τὸν
977 1393 1076 1474 ἕτερον
1100 1395 1191 1466 πόδα)
1215 1393 1409 1474 ἀπεματάισε,
1433 1395 1535 1456 verba
1558 1393 1671 1454 iniuria

396 1493 577 1554 sollicitata
600 1509 620 1554 a
642 1494 773 1556 Cobeto.

351 1639 574 1722 Thugenidls
597 1643 636 1704 ir.
662 1647 691 1704 2.
716 1643 778 1706 Cli.
803 1646 850 1707 Bl.
876 1649 931 1708 Ar.
956 1648 1041 1709 Plut.
1067 1649 1141 1724 983,
1174 1648 1256 1708 locis
1284 1647 1431 1708 collectis
1451 1663 1471 1708 a
1490 1648 1614 1708 Koclrio
1636 1648 1673 1706 de

396 1746 565 1820 proverbio
590 1747 623 1806 in
648 1747 687 1807 fr.
712 1753 731 1806 4
757 1747 883 1809 addens
906 1750 1110 1810 Aristaeneti
1134 1765 1184 1825 ep.
1209 1749 1300 1810 127.

353 1892 503 1976 Ghllippl
529 1895 566 1955 fr.
595 1897 622 1970 l,
650 1897 668 1954 2
693 1896 741 1957 Bl.
774 1896 869 1958 Add.
902 1913 932 1972 p.
959 1899 1024 1958 343
1059 1896 1095 1956 τὰ
1129 1897 1271 1974 κοττάβια
1306 1899 1384 1968 (imo
1418 1899 1585 1976 κοτταβεῖα)
1620 1907 1676 1956 τῶν

395 2005 557 2074 παρουσῶν
581 1991 609 2055 δ’
636 1991 690 2067 (θ’)
716 1991 840 2073 ἦν<τιν’
866 1994 934 2060 ἂν)
959 1993 963 2080 Ι
984 1996 1060 2082 θέλη
1090 2003 1179 2068 (cum
1203 1999 1376 2068 Meinekio)
1399 1998 1529 2076 φιλήσει.
1554 1999 1618 2060 Sed
1643 1995 1676 2056 τὰ

395 2097 534 2174 κοττάβια
559 2098 635 2172 quin
660 2103 748 2158 recte
772 2115 829 2174 pro
853 2099 1054 2174 glossemate
1079 2101 1199 2160 lrabeat
1222 2100 1315 2160 Koch
1338 2115 1404 2160 non
1431 2101 1558 2176 dubito,
1585 2101 1677 2160 cuius

397 2197 491 2258 valde
515 2199 638 2259 arridet
661 2199 744 2260 mihi
768 2201 967 2261 coniectura.

354 2343 500 2428 Crobyll
524 2349 562 2409 fr.
588 2351 618 2410 4.
1068 2349 1186 2409 πάλιν
1210 2346 1228 2427 ἡ
1253 2357 1306 2410 τοῦ
1329 2351 1399 2429 βίον

744 2449 871 2530 ὑγρότης
895 2473 930 2527 με
953 2459 1007 2510 τοῦ
1032 2460 1088 2512 σοῦ
1111 2449 1291 2526 τέθαιφε.

399 2553 481 2628 Quia
516 2552 693 2612 manifesto
728 2552 832 2613 salsae
867 2556 947 2614 sunt
977 2554 1184 2615 coniecturae
1214 2551 1354 2628 τίτυφε
1388 2553 1520 2628 (Mein),
1556 2551 1680 2626 τέθλιφε

399 2653 546 2727 (Herm),
577 2651 691 2727 τέτροφε
715 2653 787 2723 (Βί.)
818 2659 918 2715 etex
941 2655 1105 2716 Athenaei
1129 2655 1238 2717 verbis
1261 2659 1396 2731 apparet
1419 2669 1495 2714 eum
1519 2655 1574 2728 qui
1599 2655 1680 2715 haec

399 2753 542 2827 loquitur
573 2754 709 2814 alterius
737 2771 895 2829 personae
926 2756 1094 2817 licentiam
1119 2757 1339 2832 admirari,
1365 2756 1568 2816 redeundum
1592 2756 1677 2814 vide-

399 2859 453 2915 tur
483 2857 523 2914 ad
555 2854 740 2916 casauboni
763 2857 979 2933 sententiam,
1005 2857 1180 2932 Orohylum
1206 2858 1335 2918 dedisse
1359 2854 1513 2932 τίταφε,
1535 2857 1677 2932 rapuit

399 2957 439 3016 in
463 2956 806 3032 admirationem,
832 2973 928 3018 usum
954 2959 1097 3033 perlecto
1118 2959 1293 3019 transitivo
1313 2960 1528 3032 quantumvis
1547 2957 1677 3018 insolito

399 3057 492 3117 iuxta
533 3057 743 3118 intransitivo
785 3057 917 3135 τέδηττο,
956 3060 1040 3133 quod
1076 3060 1213 3120 verbum
1250 3061 1379 3135 epicum
1413 3063 1613 3120 recurrerunt
1645 3060 1676 3118 in

398 3157 508 3217 soluta
542 3158 688 3217 oratione
724 3161 902 3232 aequiores
939 3161 1087 3221 Primum
1119 3160 1316 3221 vocabulum
1347 3161 1460 3235 procul
1491 3162 1588 3222 dubio
1617 3161 1676 3220 fuit

400 3260 503 3336 τάλαι,
531 3260 587 3319 sed
618 3261 730 3320 utrum
753 3261 886 3319 κάλαιδ
922 3262 1152 3336 corrigendum
1177 3263 1221 3322 sit
1245 3278 1321 3322 oum
1345 3262 1477 3338 Bothio,
1503 3277 1545 3322 an
1570 3265 1674 3338 potius

400 3355 537 3440 τάλαιν’
565 3375 629 3420 nou
653 3360 765 3434 liquet.

356 3462 407 3521 Fr.
436 3463 465 3522 5.
579 3461 691 3538 Λάχης.
716 3463 748 3520 Β.
772 3460 842 3541 ἐγὼ
867 3460 906 3521 δὲ
929 3463 1004 3537 πρὸς
1027 3460 1066 3522 σέ.
1092 3469 1132 3537 Α,
1153 3464 1274 3544 πρόαγε.
1300 3466 1332 3522 Β.
1355 3469 1423 3536 ποι·;

401 3563 514 3637 Recte,
539 3563 573 3622 ni
592 3563 697 3639 fallor,
721 3563 900 3625 Headlam:

579 3663 696 3740 Λάχης,
719 3661 789 3742 ἐγὼ
813 3663 857 3740 δὴ
881 3669 939 3726 aut
962 3664 1032 3742 ἐγὼ
1058 3665 1137 3740 ὅδε,
1160 3670 1198 3728 ut
1223 3668 1365 3728 Herond.
1391 3667 1405 3726 Ι
1430 3669 1459 3728 3.

401 3763 462 3825 Ost.
487 3765 592 3825 Plaut.
617 3765 715 3825 Poen.
737 3766 815 3840 2793
841 3767 973 3828 Mercat.
1000 3770 1073 3829 131.
1098 3769 1149 3828 Ita
1172 3784 1237 3829 non
1260 3784 1342 3843 opus
1366 3772 1418 3830 est
1440 3769 1597 3830 lacunam
1616 3775 1677 3829 sta·

400 3870 492 3927 tuere
516 3883 592 3927 cum
616 3865 776 3927 Meinekio
800 3871 878 3928 ante
903 3869 1016 3947 Λάχης.

357 3970 407 4028 Fr.
433 3971 463 4043 6,
489 3968 518 4028 2.
543 3967 591 4028 Bl.
616 3969 788 4042 transponi
811 3969 920 4029 iubet:

668 4074 777 4146 ταύτης
802 4067 871 4149 ἐγὼ
895 4069 935 4147 μὰ
959 4070 1011 4130 τὸν
1036 4066 1085 4129 Δί’
1113 4069 1178 4148 οὐχὶ
1203 4069 1362 4130 κατέλιπον

669 4168 767 4230 οὐδέν.

403 4273 483 4348 Quia
514 4286 590 4332 voro
619 4272 782 4333 Athenaei
815 4274 883 4333 cod.
909 4277 937 4330 A
961 4273 1059 4334 habet
1083 4272 1170 4351 λέγω,
1194 4276 1228 4334 et
1250 4274 1489 4348 particularum
1514 4273 1547 4334 δέ
1570 4281 1604 4336 et
1625 4275 1677 4354 γάρ

401 4375 434 4434 in
470 4374 647 4448 posteriore
681 4375 864 4434 sententiae
908 4377 999 4449 parte
1034 4376 1153 4450 positio
1188 4375 1426 4436 recentioribus
1460 4377 1596 4437 comicis
1630 4378 1678 4437 est

401 4475 674 4551 familiarissima,
700 4476 805 4536 tutius
828 4491 903 4535 cum
924 4475 1047 4536 Kookio
1067 4491 1244 4550 sequemur
1269 4474 1472 4536 Dindorfium
1498 4474 1568 4556 ἐγὼ,
1592 4493 1676 4548 orae·

403 4577 511 4651 posita
533 4576 650 4636 vocula
674 4571 715 4651 δ’,
737 4577 978 4648 relinquentem
1002 4579 1078 4651 post
1100 4575 1266 4636 κατέλιπον.

360 4678 410 4737 Fr.
436 4679 465 4751 9,
492 4677 521 4736 3.
553 4678 688 4754 πιθήκου
714 4711 753 4721 —-
778 4676 958 4755 δυστυχοῦς,
993 4679 1143 4739 simiae
1167 4711 1210 4719 —
1235 4677 1450 4755 misellae,
1483 4695 1547 4753 quo
1579 4695 1676 4740 sensu

401 4779 478 4838 alibi
509 4780 640 4852 ponitur
663 4778 817 4855 δύστηνος.
841 4779 912 4840 Non
936 4780 1054 4840 haereo
1080 4796 1155 4840 cum
1179 4781 1227 4842 Bl.
1253 4781 1286 4840 in
1311 4781 1491 4858 δυστυχοῦς,
1513 4783 1572 4843 sed
1596 4783 1676 4856 frag·

402 4883 553 4941 mentum
577 4896 644 4941 non
665 4881 773 4955 magis
796 4881 951 4956 intellego
975 4897 1074 4955 quam
1099 4883 1200 4944 Koch.

359 5029 495 5097 Nicolui
524 5032 563 5094 ir.
592 5034 607 5092 1
632 5048 680 5107 sq.
708 5033 769 5093 Pro
793 5030 923 5116 ἀκουσίῳ
945 5027 949 5113 l
970 5031 1067 5116 δίφρῳ
1098 5033 1262 5106 quondam
1286 5033 1439 5110 proposui
1469 5029 1587 5119 ίξαισίφ
1606 5033 1675 5118 δίκην
