3718 5788
795 517 856 577 155

207 699 298 759 tiano
318 699 515 774 quidnam
537 700 659 761 audio
679 717 780 775 quam
800 700 886 776 quod
904 699 1063 760 Dzlatzlro
1082 697 1253 774 proposuit
1271 695 1300 756 εί
1316 687 1378 754 ποτ’
1393 690 1483 753 ἀκού-

206 815 312 875 σομοι;
337 801 490 862 -Idem
513 801 552 861 fr.
577 803 619 862 44
644 802 741 862 malit
763 795 907 862 τάνθένδ’
932 803 991 862 aut
1012 798 1084 861 τούν
1107 795 1207 860 θίνδε.

160 900 213 961 Er.
238 903 291 961 47.
317 903 365 963 Bl.
390 901 467 962 οὕτω
494 900 610 982 <γδιρ>
638 893 725 975 οὗτός
749 901 828 964 ἐστιν
851 903 917 974 (vel
940 899 1018 962 ἐστιν
1041 893 1149 971 οὗτος).

161 1003 214 1062 Fr.
240 1003 293 1079 48,
320 1003 349 1064 2.
375 1002 509 1082 εὐπόρως
532 1004 631 1064 idem.

254 1102 409 1169 hrulrlae
432 1105 629 1181 fragmentis
650 1107 791 1168 tortasse
816 1107 1001 1168 addendum
1025 1107 1064 1166 lr.
1089 1106 1198 1180 adesp.
1222 1105 1298 1181 584,
1322 1103 1378 1165 ubi
1402 1103 1484 1164 vide.

161 1205 213 1264 Fr.
238 1207 290 1266 59.
315 1215 368 1266 τοῦ
392 1211 614 1280 νουθετοῦντος
637 1207 751 1282 κωφόν.
775 1209 823 1270 Bl.
849 1218 888 1292 τῷ
906 1212 1112 1268 νουθετοῦντι.
1137 1207 1170 1266 Si
1193 1221 1297 1267 sanus
1320 1207 1372 1267 est
1390 1219 1484 1280 gene·

206 1307 308 1384 tirus,
333 1307 435 1385 κωφός
458 1310 545 1371 hunc
569 1325 684 1372 casnm
707 1311 861 1384 adscivit,
887 1311 963 1386 quia
986 1308 1152 1385 significat
1173 1308 1205 1368 h.
1229 1309 1250 1370 l.
1276 1305 1332 1368 οάιι
1355 1303 1485 1366 ἀκούων.

208 1408 270 1469 Pro
304 1408 367 1487 ἅμα
400 1413 489 1472 recte
522 1410 636 1473 Nauck
665 1413 773 1474 suasit
796 1411 823 1472 α’
847 1413 867 1474 i.
892 1428 919 1474 e.
952 1407 1010 1489 ἑνί,
1040 1425 1098 1487 pro
1127 1407 1177 1468 nol
1211 1407 1287 1469 θεὸν
1315 1407 1392 1492 λόγῳ
1416 1407 1486 1482 ipse

207 1513 337 1584 requiro
361 1508 419 1570 ιάο
445 1510 515 1584 θεὸς
547 1505 581 1596 ᾖ,
602 1511 694 1598 λόγῳ,
717 1513 846 1575 etiarn
877 1515 913 1574 si
944 1528 1049 1574 unus
1081 1511 1156 1572 ille
1179 1511 1277 1571 deus
1301 1510 1369 1570 sit.
1401 1508 1485 1568 Nam

206 1613 374 1687 Blaydesil
398 1615 585 1676 coniectura
609 1611 666 1675 κάν
689 1613 762 1688 θεὸς
784 1613 870 1699 λέγῃς
893 1631 959 1677 non
982 1612 1114 1676 sufficit.
1139 1611 1286 1674 Scribam
1310 1611 1422 1686 igitur:

874 1717 965 1792 φύσει
987 1714 1044 1795 γάρ
1067 1709 1120 1774 ἐστ’
1145 1711 1218 1792 ἔρως

452 1825 505 1877 τοῦ
529 1822 749 1892 νουθετοῦντος
772 1818 886 1896 κωφόν·
911 1815 956 1878 ἕνί
980 1812 1006 1877 δ’
1034 1814 1071 1876 οδ
1095 1814 1201 1898 ῥᾴδιον

453 1917 577 1997 νεότητα
600 1929 689 1980 νικᾶν
713 1918 786 1998 ἐστι,
809 1917 866 1980 κᾶν
889 1918 963 1992 θεὸς
987 1911 1021 2002 ᾖ,
1044 1916 1130 2000 λόγῳ.

163 2019 214 2079 Fr.
239 2021 291 2080 61.
451 2017 467 2080 δ
490 2019 588 2097 φανός
612 2019 672 2082 ἔστι
696 2020 799 2100 μεστὸς
822 2021 932 2094 ίίδατος
956 2018 1072 2098 οὑτοσί,

452 2122 500 2182 δεῖ
519 2117 540 2181 τ’
566 2121 631 2202 οὐχί
656 2123 744 2184 σείειν
768 2120 862 2183 ἀάἀδι
886 2123 1049 2183 ττοδεειν
1073 2120 1204 2181 αὐτόν.

208 2221 352 2297 Recepta
387 2226 440 2284 est
473 2224 613 2286 Bentleii
648 2225 808 2286 correctio
843 2219 902 2285 ἀλλ’
940 2221 1146 2284 ἀποσείειν
1181 2219 1368 2296 αὐτόθεν,
1401 2235 1485 2294 quae

209 2329 320 2385 tameo
344 2325 489 2401 intellegi
515 2327 642 2404 nequit,
668 2327 733 2387 nisi
756 2328 922 2388 sumimus
945 2327 978 2387 in
1003 2326 1155 2400 proximo
1178 2339 1278 2384 versu
1305 2321 1407 2383 luisse
1431 2323 1489 2382 aut

209 2422 334 2505 θοάδωρ
368 2429 426 2488 aut
460 2429 545 2501 quod
581 2428 668 2489 idem
699 2427 875 2506 significet,
908 2428 965 2489 sed
997 2427 1081 2502 qnod
1111 2442 1168 2502 pro
1198 2423 1329 2485 αὐτόθεν
1352 2421 1486 2484 rescribi

210 2527 307 2588 iussit
330 2528 378 2589 Bl.
402 2526 554 2603 θοῦδατος
577 2531 658 2592 ferri
681 2532 816 2592 omnino
840 2531 963 2606 nequit.
988 2530 1073 2589 Num
1098 2527 1182 2589 torte
1205 2527 1281 2588 init:

455 2631 504 2691 δεῖ
522 2626 542 2691 τ’
569 2630 636 2710 οὐχί
659 2631 749 2692 σείειν
773 2631 879 2709 αὐτόν,
903 2626 962 2691 ἀλλ’
989 2626 1203 2700 onocoetae?

211 2744 252 2788 an
278 2730 478 2806 simplicius:
504 2733 552 2792 δεῖ
570 2727 590 2792 ι’
618 2730 685 2812 οάχί
708 2733 798 2794 σείειν
828 2727 887 2793 ἀλλ’
912 2730 1064 2792 ἀποσείειν
1094 2729 1199 2808 αὐτόν,
1221 2751 1261 2807 v,
1287 2733 1323 2790 ut
1354 2744 1487 2790 versum

210 2833 320 2894 citarit
343 2835 533 2896 Athenaeus
560 2851 625 2896 non
649 2835 797 2914 plenum,
822 2838 920 2913 plena
942 2835 1109 2897 sententia
1136 2834 1322 2895 contentus.
1348 2830 1489 2906 Quodsi

211 2933 258 2993 ita
288 2934 347 3012 sit,
383 2932 535 2996 ἀποσείειν
566 2938 674 3012 magis
705 2940 902 3014 respondeat
933 2939 1046 2999 nostro
1078 2933 1362 2997 uitschudden
1388 2947 1488 3006 quam

211 3035 489 3115 alschndden,
521 3055 584 3114 quo
618 3054 721 3100 sensu
754 3037 876 3100 ίισείειο
907 3039 1042 3101 adhibet
1071 3035 1269 3099 Plutarchus
1299 3035 1420 3094 Anton.
1446 3033 1487 3094 79

211 3141 242 3196 et
266 3137 384 3200 Timol.
413 3142 463 3201 15.

169 3237 218 3298 Fr.
243 3239 297 3315 65,
322 3243 352 3301 4.
377 3241 449 3303 Vid.
474 3241 587 3303 Nauck
612 3244 684 3304 Mel.
709 3243 754 3302 VI
777 3258 807 3319 p.
835 3244 907 3305 108.

169 3339 216 3399 l'r.
242 3340 295 3414 67,
324 3343 338 3401 1
364 3357 412 3418 sq.
438 3343 585 3405 Melnelre
608 3345 663 3406 cit.
688 3345 840 3407 Nicetam
864 3346 965 3408 Ghon.
989 3361 1020 3421 p.
1046 3346 1121 3421 514,
1148 3339 1199 3406 12.

170 3439 217 3500 ir.
242 3443 295 3518 68,
324 3445 352 3503 1.
376 3445 424 3505 Bl.
448 3443 483 3504 τὰ
502 3431 556 3522 μὲν
576 3457 698 3531 sauppe
727 3445 905 3526 <ydp>.-
927 3447 982 3507 Vs.
1005 3448 1034 3507 2.
1060 3445 1150 3506 Koclr
1171 3443 1318 3505 confudit
1339 3442 1489 3503 notiones

209 3542 358 3605 diversas
383 3547 616 3610 vocabulorum
648 3549 751 3630 ιοιρός
781 3552 815 3610 et
844 3549 949 3630 χρόνος
978 3549 1144 3609 coniciens
1175 3544 1275 3628 χρῴζει
1307 3560 1366 3621 pro
1397 3541 1489 3627 σῴζει.

211 3643 326 3706 Melius
350 3645 459 3708 δοοίοι·
476 3652 647 3727 proposuit
671 3652 827 3713 Meinelre.

170 3743 219 3806 llr.
243 3748 296 3824 69,
323 3749 352 3808 2.
377 3750 462 3827 Lege
486 3773 543 3811 νον
567 3768 643 3813 cum
669 3754 856 3828 Blaydeslo.

170 3846 218 3907 Fr.
243 3849 296 3925 70,
322 3851 351 3912 2.
387 3853 569 3927 Antiquom
588 3857 720 3930 poetam
744 3855 852 3916 dicere
872 3855 1019 3929 potuisse
1042 3850 1212 3929 ὁλαλήσων
1234 3849 1306 3923 θεός
1330 3865 1403 3912 cras
1426 3865 1491 3910 ore·

213 3949 302 4026 dam,
334 3953 475 4014 necdum
506 3971 561 4016 me
591 3959 736 4031 poenitet
768 3957 948 4019 coniecisse
979 3953 1037 4015 ἐστι
1068 3964 1127 4015 ιον
1156 3961 1291 4034 χρηστῶν
1320 3951 1401 4024 θεός.
1426 3951 1491 4012 Vix

212 4052 332 4114 saltem
366 4053 517 4117 sufficere
551 4057 681 4119 videtur
713 4063 845 4135 propter
879 4073 1072 4135 praegressa
1106 4058 1204 4118 lectio
1234 4056 1377 4116 monost.
1409 4054 1488 4128 432,

213 4169 310 4228 quam
348 4156 505 4219 substitui
541 4158 629 4220 iubet
663 4160 729 4238 Bl,
766 4161 823 4236 qui
857 4161 889 4221 in
925 4159 1139 4220 Addendis
1173 4176 1204 4235 p.
1240 4158 1305 4218 340
1340 4155 1492 4232 proponit

214 4251 443 4334 ἀνθρώπων

173 4355 219 4415 l'r.
244 4358 286 4417 70
310 4359 370 4419 ab.
403 4358 543 4422 Choricii
575 4363 673 4423 verbe
711 4363 916 4424 Menandreis
951 4363 1093 4423 lortasse
1125 4361 1202 4423 licet
1236 4361 1289 4421 his
1323 4359 1491 4420 includere

214 4461 378 4520 numeris:

502 4562 617 4625 δέδοικε
641 4564 682 4642 μή
705 4574 764 4625 τῶν
788 4563 879 4626 ἔνδον
903 4564 1017 4643 οἴχηται
1041 4561 1143 4645 φέρων

503 4662 667 4739 desecte.

257 4766 457 4826 ΓΕΩΡΓΟΣ.
490 4769 597 4830 Huius
623 4769 754 4830 fabulae
778 4769 898 4830 bonam
923 4772 1051 4844 partem
1075 4785 1092 4829 e
1115 4783 1238 4844 papyro
1261 4770 1340 4842 Aeg.
1365 4767 1491 4843 primus

214 4865 313 4928 edidit
346 4869 471 4946 Nimio,
506 4873 581 4945 post
616 4887 714 4946 quem
754 4870 838 4930 Weil
877 4870 997 4945 aliique
1035 4871 1097 4931 viri
1128 4870 1213 4930 docti
1250 4869 1348 4930 multi
1382 4868 1490 4929 turba·

214 4971 285 5028 tum
308 4972 439 5032 textum
469 4973 592 5034 rectius
621 4973 873 5034 constituerunt.
903 4973 974 5034 Non
1005 4987 1047 5033 en
1078 4973 1216 5049 Georgo,
1248 4974 1306 5034 sed
1338 4988 1355 5033 e
1382 4970 1492 5031 fabula

214 5071 331 5131 similis
361 5075 562 5150 argumenti,
593 5077 744 5135 sumtum
776 5077 828 5135 est
858 5089 1018 5149 magnum
1049 5075 1273 5149 fragmentum
1301 5075 1334 5135 in
1358 5073 1492 5148 papyris
