3748 5792
871 531 913 591 73

227 705 463 790 Cephisodorl
487 714 527 775 fr.
552 715 583 774 3.

539 809 624 874 ἔπειτ’
651 811 832 889 ἀλείφεσθαι
857 816 890 878 τὸ
914 815 1000 893 σῶμά
1023 836 1074 892 μοι
1098 814 1175 895 πρίω

539 916 636 996 μύρον
661 914 759 996 ἴρινον
782 916 832 977 καί
857 917 996 998 ῥόδινον,
1018 915 1168 997 ἄγαμαι
1193 911 1352 978 Ξανθία·

539 1015 589 1078 καί
611 1022 673 1090 τοῖς
696 1015 787 1078 ποσίν
809 1019 898 1099 χωρίς
921 1019 999 1100 πρίω
1023 1039 1074 1096 μοι
1096 1015 1241 1096 βάκχαριν
1263 1008 1320 1072 κτὲ.

273 1115 376 1191 Kook,
412 1134 511 1193 quem
546 1119 682 1181 offendit
711 1122 797 1194 quod
826 1137 943 1184 servus
973 1121 1013 1182 eb
1044 1134 1099 1182 ero
1129 1121 1200 1178 tam
1230 1112 1348 1174 blande
1375 1111 1409 1170 et
1431 1105 1554 1168 urbane

273 1217 485 1282 conlaudatur
502 1223 699 1297 praesertim
721 1226 898 1298 antequam
918 1223 1112 1283 mandatum
1133 1216 1319 1294 perfecerit,
1340 1209 1438 1273 scribi
1457 1203 1554 1266 iussit

272 1313 338 1397 ἄγε
362 1343 441 1399 μοι,
464 1321 633 1398 Ξανθία,
660 1326 699 1386 ut
720 1321 773 1403 ἄγε
796 1325 866 1387 scil.
891 1323 1056 1401 significet
1079 1322 1210 1394 adfer,
1236 1331 1324 1379 eme
1347 1311 1464 1386 milri,
1488 1320 1553 1366 non

271 1425 428 1495 reputans
452 1439 490 1485 eo
514 1440 614 1486 sensu
638 1426 816 1499 quominus
848 1426 947 1487 verba
970 1425 1229 1499 interpretemur
1249 1418 1349 1494 plane
1372 1427 1433 1474 nos
1456 1411 1554 1481 impe-

271 1519 340 1581 dire
373 1523 475 1585 verba
509 1540 706 1601 praegressa
740 1547 791 1604 μοι
825 1526 915 1604 apto,
946 1528 1023 1600 post
1053 1539 1136 1599 qrree
1166 1522 1311 1598 pessime
1339 1511 1553 1578 abundarent.

272 1621 306 1682 Si
324 1625 399 1698 quid
420 1627 619 1689 mutandum
638 1629 736 1704 ieret,
757 1628 879 1689 melius
898 1627 1018 1688 saltem
1032 1625 1228 1687 coniecisset
1238 1620 1290 1702 llys
1303 1620 1340 1697 δή
1353 1617 1406 1679 vel
1418 1613 1470 1694 ἄγε
1483 1632 1555 1682 νυν,

271 1727 457 1799 agedum.
483 1728 572 1805 Quod
596 1733 709 1790 autem
733 1733 804 1790 tam
828 1729 947 1790 blando
970 1742 1124 1789 sermone
1144 1741 1221 1785 erus
1244 1725 1358 1796 utitur,
1377 1717 1489 1781 nescio
1512 1727 1553 1774 an

270 1829 400 1904 egregie
423 1830 485 1891 boc
508 1831 622 1906 pingat
645 1830 815 1892 hominem
839 1829 976 1892 mollem
1000 1833 1034 1891 et
1055 1826 1272 1902 imbecillum,
1298 1824 1353 1900 qui
1370 1821 1462 1882 totus
1480 1830 1553 1892 pen·

271 1927 347 1989 deat
370 1944 390 1990 a
411 1946 509 1993 servo
532 1932 821 2007 impudentissime
844 1934 879 1994 et
901 1931 1162 1992 insolentissime
1184 1925 1409 2005 respondenti:

495 2025 519 2093 ὦ
542 2031 765 2112 λακκόπρωκτε,
787 2034 935 2112 βάκχαριν
958 2037 1019 2104 τοῖς
1043 2036 1107 2103 σοῖς
1130 2028 1220 2091 ποσίν

495 2131 552 2214 ἐγὼ
575 2133 724 2213 apiacum
746 2129 900 2212 ίαικαίσορί
926 2132 985 2210 δίρα
1011 2127 1114 2208 (deul)
1138 2131 1300 2210 βάκχαρινς
1597 2207 1609 2226 .

273 2233 397 2294 Sensus
423 2237 488 2296 est:
524 2235 646 2298 laudo
677 2239 718 2298 te
749 2237 789 2308 (si
813 2239 861 2298 ita
883 2237 1026 2312 feceris),
1056 2237 1208 2310 valetque
1239 2231 1351 2313 ἄγαμαι
1375 2231 1443 2290 iere
1466 2227 1553 2286 idem

272 2335 356 2408 quod
386 2337 471 2412 apud
503 2337 638 2400 Latinos
669 2339 829 2414 amabo,
860 2339 935 2400 sive
965 2335 1084 2402 Ξανθία
1115 2337 1288 2398 vocativus
1318 2338 1407 2404 (nam
1431 2325 1553 2404 geneti-

273 2450 351 2496 vum
386 2453 443 2512 pro
474 2435 611 2504 Ξανθίαν
641 2455 716 2502 esse
746 2454 812 2501 non
842 2455 940 2514 posse
971 2440 1059 2501 recte
1093 2439 1223 2499 monuit
1258 2435 1360 2503 Koclrt
1394 2433 1484 2493 recte
1518 2439 1554 2486 se

272 2537 385 2615 habet,
417 2541 489 2600 sive
519 2540 746 2618 retingendum
778 2544 828 2602 est
851 2543 885 2602 in
910 2539 1056 2604 Ξανθίαν.
1083 2540 1130 2602 Οί.
1158 2541 1214 2600 Ar.
1243 2539 1323 2601 Acir.
1349 2539 1414 2598 489
1441 2531 1555 2613 ἄγαμαι

272 2637 413 2716 καρδίας,
434 2641 489 2701 ubi
513 2643 637 2703 Porson
661 2643 734 2704 coll.
759 2643 879 2704 Athen.
904 2643 969 2703 XII
992 2659 1022 2717 p.
1044 2643 1108 2704 353
1129 2641 1275 2702 malebat
1293 2639 1419 2720 ἄγαμαι,
1437 2639 1554 2719 καρδία.

272 2739 319 2798 lbi
350 2755 493 2817 quoque,
525 2745 562 2804 ut
592 2745 624 2804 h.
645 2742 684 2819 l.,
709 2747 788 2805 ante
811 2758 880 2804 rem
905 2744 1031 2805 iactam
1053 2746 1250 2819 usurpatum
1273 2741 1410 2804 videbis.
1434 2741 1555 2802 Utrum

271 2841 427 2920 βάκχαρις,
460 2845 544 2918 quod
580 2848 631 2906 ter
663 2846 694 2906 lr.
719 2845 740 2906 l.
772 2845 928 2922 occurrit,
962 2860 1004 2906 en
1036 2843 1179 2924 βάκκαρις
1211 2847 1256 2905 sit
1286 2859 1364 2906 vera
1393 2844 1556 2918 scriptura

271 2946 432 3020 peregrini
457 2947 621 3029 vocabuli,
645 2949 847 3022 ignoramus.
1392 3003 1404 3015 .

227 3044 279 3106 Fr.
303 3045 334 3106 8.
370 3046 394 3106 Ε
423 3049 581 3123 producta
613 3049 719 3110 vocali
750 3050 784 3109 in
815 3048 955 3127 κρεάδων
984 3052 1073 3110 recte
1095 3049 1144 3110 Bl.
1170 3047 1294 3123 colligit
1316 3046 1456 3130 κρεᾴδιον
1478 3048 1554 3108 scri·

272 3148 415 3208 bendum
439 3165 512 3210 esse
536 3165 612 3211 curn
636 3151 714 3212 iota.

227 3247 280 3308 Fr.
308 3250 358 3310 10.
404 3249 556 3328 σπονδὴ
581 3247 613 3311 δὲ
636 3250 740 3333 παρὰ
763 3261 822 3312 τῶν
847 3248 983 3312 ὁλκάδων
1006 3249 1071 3312 καί
1093 3249 1426 3329 καταφαντισγδς.

272 3349 297 3409 Ε
327 3349 483 3427 Pollucis,
515 3353 576 3413 boc
607 3353 836 3428 fragmentum
867 3354 1014 3430 citantis,
1041 3353 1150 3414 verbis
1173 3351 1307 3432 φρυγεύς
1330 3354 1363 3412 et
1387 3351 1555 3431 φρίγετρον

272 3451 350 3514 olim
371 3452 488 3528 collegi
508 3453 726 3530 cephisodoro
747 3455 947 3517 reddendum
960 3471 1035 3517 esse
1059 3454 1121 3514 καὶ
1144 3458 1242 3528 [αντα]
1262 3451 1556 3532 φρυγανισμίς,

270 3554 343 3615 coll.
367 3554 513 3630 'l'bucyd
537 3556 599 3617 Vll
622 3559 652 3632 4,
683 3559 732 3633 13,
757 3573 822 3632 qua
845 3558 1075 3619 emendatione
1100 3559 1200 3619 tacite
1223 3571 1305 3618 usus
1328 3569 1431 3631 nuper
1451 3555 1554 3615 Head-

271 3656 338 3718 lam
370 3660 541 3732 praeterea
571 3660 740 3734 proposuit
770 3657 926 3736 σπουδὴ
958 3654 991 3719 δὲ
1019 3656 1113 3737 περί.
1146 3658 1225 3734 Quid
1260 3657 1322 3718 sibi
1346 3656 1428 3718 velit
1448 3678 1555 3736 καταρ-

271 3757 446 3835 ρανασμός,
467 3760 553 3832 quod
576 3762 717 3821 coniecit
740 3759 857 3836 Naber,
881 3761 965 3821 mihi
988 3760 1120 3834 quidem
1143 3760 1319 3821 obscurum
1344 3760 1405 3820 est.

229 3957 366 4042 Ellssycl
391 3963 430 4023 fr.
451 3962 481 4024 2.
506 3965 585 4040 μῆλα
609 3959 658 4022 καί
681 3961 761 4042 ῥόας.
787 3963 850 4025 Gft.
875 3964 923 4025 ΒΙ.
949 3964 1075 4024 utiliter
1101 3962 1197 4038 Vesp.
1225 3962 1328 4037 1268;
1352 3963 1427 4023 Pac.
1455 3962 1555 4036 1001;

274 4060 393 4124 Herod.
417 4062 478 4124 Vll
502 4065 555 4139 41,
582 4065 613 4124 3.

229 4163 280 4222 llr.
304 4163 334 4238 3,
362 4166 389 4225 1.
425 4163 522 4243 σώμαι
539 4173 702 4240 πσοῦμαι
736 4167 846 4228 dorico
881 4169 1029 4228 accentu.
1067 4166 1157 4241 Quod
1190 4181 1308 4226 moneo
1343 4167 1475 4241 propter
1506 4163 1555 4224 Bl.

273 4271 368 4339 σῶμα
391 4267 625 4340 requirentem.
650 4266 726 4329 (lod.
751 4269 780 4328 A
803 4263 903 4328 κοπίδ’
931 4264 1094 4344 οὐώαομω.
1122 4267 1280 4328 Laconide
1310 4267 1500 4341 loquentem
1523 4266 1558 4324 in

273 4381 372 4428 scena
401 4369 503 4428 etiarn
531 4368 677 4429 laconice
701 4371 934 4445 pronuntiasse
957 4368 1124 4444 probabile
1149 4371 1213 4444 est,
1238 4369 1348 4443 itaque
1372 4367 1558 4428 rectissime

275 4469 321 4528 ita
343 4485 418 4530 oum
439 4469 600 4531 Abrensio
621 4471 722 4532 edidit
741 4471 847 4545 Kock,
869 4473 905 4532 ut
925 4487 1005 4531 mox
1024 4469 1196 4548 βαράκες
1216 4475 1285 4545 (pro
1304 4469 1454 4548 βάρακες),
1472 4469 1557 4545 quod

274 4570 393 4632 iterum
416 4571 556 4632 miratur
579 4572 642 4647 Bl.,
668 4588 784 4647 parum
809 4584 962 4633 versatus
986 4573 1019 4632 in
1042 4573 1201 4633 dialectis.
1226 4571 1347 4633 Contra
1370 4586 1419 4632 vs.
1441 4573 1460 4632 2
1481 4572 1557 4631 dare

273 4669 428 4732 debuerat
459 4671 641 4750 Ἀμύαίααν,
674 4674 761 4747 quod
791 4675 862 4734 iure
893 4673 1042 4748 postulat
1067 4673 1127 4749 Bt,
1164 4672 1216 4734 vel
1247 4674 1357 4748 potius
1388 4671 1558 4750 Ἀμύκλαιίν

274 4785 330 4845 pro
354 4772 623 4848 Ἀμύκλαισιν,
649 4773 746 4848 idque
777 4774 884 4834 celare
917 4773 1048 4834 videtur
1071 4773 1236 4834 Athenaei
1259 4773 1357 4834 lectio
1381 4770 1557 4850 ἀμίκίαων.

276 4871 357 4933 blale
387 4865 601 4935 idem‘Add.
626 4889 656 4950 p.
679 4876 741 4934 331
766 4873 820 4934 τὰν
844 4875 1033 4953 Ἀμύκλαισιν
1057 4877 1218 4951 proponit.
1244 4909 1285 4918 -
1309 4877 1365 4938 Vs.
1390 4879 1410 4938 4
1433 4875 1559 4952 optime

275 4973 375 5051 idem,
407 4974 539 5036 collatis
570 4975 735 5039 Athenaei
768 4977 876 5037 verbis
908 4975 1005 5053 ζωμόν
1027 4999 1108 5052 τινα,
1138 4992 1195 5051 pro
1226 4976 1412 5055 δωδεμοσως
1436 4979 1495 5050 (sic
1520 4979 1558 5046 Α)

214 5127 219 5137 .
276 5075 407 5151 corrigit
430 5075 528 5153 δωμδς
551 5098 603 5148 τις.
