3778 5796
902 499 920 558 7
1037 591 1042 604 .

292 683 350 744 bat
370 683 502 762 φάρυγξ,
531 686 579 768 sic
610 686 698 746 enim
724 685 865 747 sonabat
886 686 1116 746 nominativus
1139 686 1177 746 ut
1198 682 1323 763 λάρυγξ,
1346 681 1485 762 σάλπιγξι
1508 684 1570 743 etc.

291 788 400 854 (casus
416 785 539 860 obliqui
557 785 693 866 φάρυγος
716 788 805 863 etc),
831 788 865 848 at
894 786 1010 847 deinde
1040 785 1069 846 τί
1089 782 1127 845 liv
1155 778 1378 862 <ἀντ>εί11ο1ρί
1401 781 1457 856 ἔοις
1478 783 1569 845 vab

291 887 396 948 otiose
416 887 464 948 Β1.
491 891 526 948 ut
548 903 644 948 suam
668 888 788 963 repetit
811 889 895 949 coni.
919 903 1030 949 meam
1050 883 1152 947 ravel*
1167 887 1341 964 Ποιήριασιν
1360 885 1422 947 del.
1443 885 1569 946 Kaibel.

247 988 298 1050 Fr.
325 989 397 1064 187,
425 991 441 1048 1
466 1005 514 1064 sq.
548 988 654 1050 Verba
678 1004 742 1050 non
765 991 892 1050 temere
916 989 999 1049 heus
1023 989 1197 1064 aliquando
1220 989 1308 1050 iacta
1330 989 1364 1048 in
1387 987 1569 1048 Personum

293 1092 369 1152 vino
398 1091 473 1166 plus
503 1105 607 1166 aequo
631 1090 869 1166 indulgentem.
893 1123 934 1132 -
959 1090 1015 1152 Vs.
1047 1092 1066 1150 3
1100 1091 1293 1163 κοτυλίσκους
1323 1105 1382 1166 pro
1409 1087 1571 1160 καδίσκους

293 1193 339 1254 Bl.
364 1191 428 1253 (tur
450 1194 596 1267 quaeso?

248 1296 298 1355 l'r.
325 1295 398 1369 188,
424 1295 454 1354 9.
494 1294 650 1356 Sufilcere
681 1295 812 1356 videtur
842 1295 1025 1356 casauboni
1056 1296 1139 1358 coni.
1173 1304 1225 1374 τῆς
1256 1292 1445 1374 ἠλιθιότητός
1478 1309 1564 1354 <ιε>

291 1405 341 1474 ιῐγς
366 1393 445 1472 ἐμῆς.
470 1396 673 1458 Coniecturis
697 1399 838 1458 accessit
862 1397 1056 1458 Kaibeliana
1078 1407 1129 1476 τῆς
1153 1395 1352 1474 ι’γίιδιακάκης
1376 1395 1456 1474 ἐμῆς.

247 1499 298 1560 Fr.
325 1499 398 1559 190.
421 1498 521 1559 Recte
544 1499 597 1559 his
620 1503 654 1560 et
675 1499 841 1561 similibus
863 1499 958 1574 locis,
984 1499 1039 1560 ubi
1062 1491 1120 1576 ἆρα
1143 1499 1277 1574 ponitur
1296 1499 1404 1574 initio,
1429 1499 1571 1572 Blaydes

291 1601 384 1676 ponit
412 1601 545 1676 signum
575 1601 811 1676 interrogandi.
837 1601 1015 1663 -Nauck
1046 1603 1128 1663 citat
1157 1602 1330 1663 Afranium
1360 1602 1423 1662 411
1449 1617 1479 1675 p.
1506 1601 1568 1660 911

292 1701 384 1764 Ribb.
409 1706 493 1763 tam
512 1704 659 1765 arcula
682 1707 753 1763 tua
775 1703 896 1779 plena
919 1706 986 1764 est
1005 1718 1264 1765 aranearum.
1286 1703 1447 1764 Themist.
1461 1701 1571 1762 XVIII

293 1822 323 1882 p.
348 1805 409 1865 221
425 1805 461 1866 B.
486 1805 521 1864 αἱ
540 1809 700 1882 octobrium
725 1802 826 1882 μεσταί
857 1803 985 1884 εὐρῶτος
1009 1802 1060 1864 καί
1087 1801 1247 1885 ἀραχνίων.
1279 1805 1399 1865 Theod.
1424 1804 1511 1879 Hyrt
1539 1803 1572 1862 in

292 1907 426 1968 Notlces
449 1909 482 1968 et
505 1908 597 1970 Exti.
624 1908 653 1967 V
676 1923 706 1983 p.
732 1909 796 1968 733
821 1903 887 1984 ίμοί
914 1902 947 1966 δὲ
969 1903 1005 1967 τὰ
1028 1903 1106 1986 ἄγγη
1128 1904 1201 1966 κενὰ
1224 1903 1275 1966 καί
1297 1903 1448 1984 ἀραχνίων
1472 1902 1571 1983 μεστοί.

293 2009 495 2085 stupendam
518 2011 581 2071 viri
604 2009 809 2071 admirabilis
832 2009 1066 2070 eruditionem!

249 2111 301 2171 Fr.
328 2112 402 2172 196.
441 2109 725 2186 „comoediam
760 2111 914 2172 audimus
947 2111 981 2171 in
1011 2124 1116 2186 agone
1146 2125 1233 2171 nova
1262 2108 1425 2185 quaedam
1456 2111 1572 2184 poetae

292 2213 429 2274 inventa
453 2214 684 2289 corripientem
708 2216 806 2288 atque
829 2228 927 2274 veras
949 2220 1003 2272 τοῦ
1024 2212 1179 2298 κωμῳδεῖν
1200 2211 1272 2274 vias
1292 2211 1572 2272 monstrantem.”

294 2316 329 2376 0.
355 2313 500 2376 Orosius.

249 2417 301 2477 Fr.
329 2418 402 2478 196.
426 2417 534 2493 θάψον
557 2416 609 2477 vel
632 2415 726 2492 θάψον
750 2431 807 2491 pro
830 2415 950 2496 γράψον
973 2415 1046 2476 vult
1068 2415 1220 2490 Blaydes.
1245 2415 1385 2477 Multum
1409 2414 1532 2476 dubito.

252 2518 303 2578 Fr.
331 2519 403 2594 197,
432 2523 460 2581 1.
495 2521 592 2596 τυχεῖν
623 2533 681 2593 pro
711 2518 810 2595 λαχεῖν
844 2517 894 2580 Β1.
929 2519 987 2578 aut
1017 2516 1198 2589 νεωσοίκους
1228 2521 1327 2594 λαχεῖν
1358 2512 1430 2578 οὐδὲ
1452 2516 1573 2588 κάννας.

294 2619 439 2682 causam
463 2636 528 2681 non
553 2620 724 2696 perspicio.

249 2721 301 2781 Fr.
329 2721 402 2781 198.
434 2721 483 2782 Β1.
512 2716 575 2798 κάμ’
609 2719 666 2799 laq
698 2721 825 2798 ξυνίετε,
854 2721 981 2782 abiecto
1004 2719 1135 2800 ῥήματα,
1156 2722 1242 2797 quod
1266 2721 1392 2784 addidit
1414 2719 1572 2782 Mainake.

294 2821 355 2882 Sed
385 2822 526 2883 fortasse
557 2823 639 2883 1111111
667 2822 851 2884 addendum
880 2826 932 2883 est
962 2826 995 2884 et
1023 2823 1104 2884 nihil
1128 2823 1337 2885 mutandum.
1361 2823 1462 2883 Recte
1485 2823 1572 2882 idem

294 2925 460 2999 improbat
482 2925 598 2986 Koskii
621 2925 706 2986 coni.
728 2924 844 2984 θεαταί.

248 3025 301 3086 Fr.
329 3026 401 3102 199,
429 3028 456 3086 l.
487 3024 556 3086 Del.
581 3025 682 3087 Cobet
701 3027 859 3102 probante
883 3026 1044 3103 Nauckio,
1073 3026 1128 3102 qui
1152 3041 1202 3088 vs.
1227 3027 1245 3086 2
1270 3027 1340 3086 iure
1364 3025 1574 3088 commendat

291 3127 467 3187 lectionem
499 3125 594 3198 τέκοις
625 3131 657 3188 et
686 3129 719 3187 in
744 3128 984 3204 epigrammate
1008 3143 1085 3189 cum
1108 3128 1269 3190 Neinekio
1292 3129 1429 3203 requirit
1451 3123 1574 3188 ὠδώδει.

247 3228 299 3288 Nr.
325 3228 399 3288 907.
424 3228 512 3288 Ante
534 3228 584 3289 Β1.
609 3244 669 3304 ego
692 3230 835 3290 formam
860 3230 997 3291 atticam
1021 3232 1190 3292 vetustam
1214 3227 1356 3308 βορέας
1380 3230 1454 3292 11011.
1475 3229 1572 3304 Vesp.

294 3329 379 3389 1124
398 3331 639 3391 commendavi.
659 3332 775 3409 Βορρᾶς
792 3331 915 3393 habent
935 3333 1081 3393 iuniores
1098 3333 1224 3394 comici.
1251 3331 1297 3393 Gt.
1318 3330 1438 3393 Iacobii
1457 3330 1572 3391 Index.

249 3429 300 3490 Fr.
326 3431 401 3506 208,
428 3432 458 3492 2.
492 3431 562 3492 vid.
593 3432 679 3492 inira
710 3434 750 3494 ad
775 3433 1020 3494 Anaxandridis
1042 3433 1082 3494 ir.
1108 3435 1138 3494 4.
1163 3433 1218 3494 Vs.
1243 3435 1263 3494 3
1286 3448 1345 3514 pro
1369 3435 1573 3492 Διονυσοκου-

293 3531 401 3610 ράνων
425 3534 606 3610 compluria
630 3536 739 3596 tentat
761 3535 809 3595 Β1.
833 3551 864 3610 p.
890 3536 921 3598 9.

248 3633 300 3696 i‘r.
326 3633 391 3694 210
415 3633 513 3695 Ludit
535 3635 583 3696 Bt.
608 3633 683 3695 ἀλλὰ
704 3635 863 3707 παίζουσιν
885 3633 1019 3716 λέγοντες
1049 3634 1098 3714 ,ἐς
1120 3635 1259 3716 βόθυνον
1283 3630 1436 3696 ἀπιέναι”.

248 3734 301 3794 Fr.
326 3735 401 3795 910.
426 3733 681 3815 δείεάσορ<ι>αν
704 3736 829 3798 Polluci
851 3736 992 3799 reddidit
1014 3738 1062 3799 Β1.

249 3835 301 3896 Fr.
327 3837 402 3897 218.
426 3830 540 3915 αἴρεσθ’
566 3837 687 3899 habere
710 3838 851 3899 Bekkeri
875 3838 1020 3899 codicem
1040 3841 1073 3900 et
1091 3839 1125 3899 in
1145 3840 1266 3900 anecd.
1286 3839 1358 3900 Par.
1372 3839 1417 3899 IV
1428 3854 1459 3914 p.
1476 3839 1571 3916 103,1

293 3937 358 4012 legi
382 3937 504 4017 αἴρεσθε
528 3941 561 4001 et
583 3941 687 4018 λαβεῖν
711 3940 842 4001 monuit
864 3940 989 4001 Nauck.

250 4038 302 4100 Nr.
328 4040 403 4100 919.
435 4039 500 4100 Vix
526 4043 602 4117 apte
625 4040 759 4116 σφάδαζε
781 4042 860 4113 timo
884 4040 1027 4124 σφάδρζε)
1050 4040 1114 4118 Β1.,
1138 4043 1295 4117 quiante
1318 4043 1438 4104 melius
1462 4040 1574 4119 proba·

295 4144 388 4202 verat
412 4142 618 4203 Kockianum
641 4143 797 4220 σκάρθιζε.

252 4241 302 4302 91.
326 4243 402 4318 991,
428 4243 457 4304 9.
482 4243 609 4305 Tuebar
631 4246 792 4306 traditam
814 4245 1008 4322 lectionem,
1032 4244 1191 4321 probante
1214 4246 1263 4307 Bl.

251 4343 303 4404 Fr.
328 4343 403 4420 222,
429 4347 448 4406 8
477 4336 569 4422 ἦλθες
593 4337 650 4406 οὖν
681 4343 867 4422 ἀσμένοις
894 4347 1034 4422 tentavi,
1067 4350 1183 4423 postea
1213 4347 1262 4410 Bi.
1287 4338 1346 4408 ὧδ’
1374 4343 1514 4424 ἀσμένοις
1542 4350 1575 4409 et

295 4445 361 4505 alia
379 4447 540 4520 quaedam
563 4464 594 4523 p.
608 4448 642 4524 8,
668 4451 757 4509 recte
779 4445 1203 4524 1111ε1ω19111σαφές,οοοδ
1223 4465 1281 4526 pro
1300 4457 1404 4524 σαφῶς
1424 4449 1487 4510 diei
1510 4463 1576 4510 non

295 4547 448 4621 potuerit.
473 4547 547 4610 Scil.
572 4549 691 4610 dicitur
715 4553 774 4611 aut
796 4542 864 4608 οίδα
888 4559 992 4624 σαφῶς
1017 4553 1075 4610 aut
1097 4549 1129 4610 κδ
1149 4549 1252 4626 σαφές.
1276 4549 1359 4612 Male
1383 4550 1475 4611 Kock
1495 4551 1576 4611 citat

297 4647 476 4710 Photius
517 4650 570 4712 De
608 4654 725 4712 metr.
767 4667 799 4726 p.
834 4651 909 4712 996.
946 4650 1058 4712 Nauck
1096 4652 1188 4729 ‚imo
1223 4653 1346 4715 Marius
1384 4652 1511 4714 Plotius
1544 4667 1576 4728 p.

299 4750 375 4826 594,
390 4751 432 4810 90
456 4751 518 4814 Κ.”

251 4853 304 4915 Fr.
329 4853 404 4913 997.
434 4853 577 4914 Pollucis
607 4854 678 4916 cod.
709 4855 806 4916 Laur.
834 4853 972 4916 docente
996 4854 1119 4916 Maesio
1148 4853 1247 4916 habet
1269 4858 1578 4934 ίυχνοκαυσσεῖν

299 4952 353 5032 μὲν
387 4953 446 5031 ἔφη
481 4957 630 5032 Κρατῖνος
665 4954 697 5015 ἐν
732 4955 912 5040 Τροφωνίῳ,
946 4953 1127 5033 Μένανδρος
1156 4954 1187 5016 δὲ
1218 4955 1250 5017 ἐν
1275 4956 1404 5041 Θεττοίλχ
1427 4956 1577 5035 λύχνων

299 5055 411 5130 ἁφάς.
443 5055 489 5118 Of.
522 5057 642 5118 Herod.
676 5057 738 5118 VH
762 5059 837 5121 215.
868 5057 960 5120 Diod.
986 5058 1049 5120 Sic.
1073 5057 1153 5120 XIX
1185 5058 1228 5119 20
1257 5055 1321 5129 περί
1348 5057 1464 5136 λύχνων
1488 5055 1578 5133 ἁφάς.
