<?xml version="1.0" encoding="UTF-8"?>
<!DOCTYPE html PUBLIC "-//W3C//DTD XHTML 1.0 Transitional//EN"
    "http://www.w3.org/TR/xhtml1/DTD/xhtml1-transitional.dtd">
<html xmlns="http://www.w3.org/1999/xhtml" xml:lang="en" lang="en">
 <head>
  <title>
</title>
<meta http-equiv="Content-Type" content="text/html;charset=utf-8" />
  <meta name='ocr-system' content='tesseract 3.04.00' />
  <meta name='ocr-capabilities' content='ocr_page ocr_carea ocr_par ocr_line ocrx_word'/>
</head>
<body>
  <div class='ocr_page' id='page_1' title='image "./collectaneacrit00kockgoog_0173.png"; bbox 0 0 3718 5788; ppageno 0'>
   <div class='ocr_carea' id='block_1_1' title="bbox 947 496 1008 556">
    <p class='ocr_par' dir='ltr' id='par_1_1' title="bbox 947 496 1008 556">
     <span class='ocr_line' id='line_1_1' title="bbox 947 496 1008 556; baseline 0.033 -2"><span class='ocrx_word' id='word_1_1' title='bbox 947 496 1008 556; x_wconf 72' lang='lat'>158</span> 
     </span>
    </p>
   </div>
   <div class='ocr_carea' id='block_1_2' title="bbox 358 682 1645 968">
    <p class='ocr_par' dir='ltr' id='par_1_2' title="bbox 358 682 1645 968">
     <span class='ocr_line' id='line_1_2' title="bbox 359 682 1645 760; baseline 0 -15"><span class='ocrx_word' id='word_1_2' title='bbox 359 685 435 745; x_wconf 89' lang='lat' dir='ltr'>dare</span> <span class='ocrx_word' id='word_1_3' title='bbox 465 682 581 758; x_wconf 86' lang='lat' dir='ltr'>potuit.</span> <span class='ocrx_word' id='word_1_4' title='bbox 614 683 718 758; x_wconf 80' lang='lat' dir='ltr'>Quam</span> <span class='ocrx_word' id='word_1_5' title='bbox 750 683 972 759; x_wconf 77' lang='lat' dir='ltr'><strong>suspicionem</strong></span> <span class='ocrx_word' id='word_1_6' title='bbox 1002 684 1032 745; x_wconf 91' lang='lat' dir='ltr'>si</span> <span class='ocrx_word' id='word_1_7' title='bbox 1055 684 1129 758; x_wconf 88' lang='lat' dir='ltr'>quis</span> <span class='ocrx_word' id='word_1_8' title='bbox 1153 685 1290 745; x_wconf 86' lang='lat' dir='ltr'>utiusto</span> <span class='ocrx_word' id='word_1_9' title='bbox 1313 684 1524 744; x_wconf 82' lang='lat' dir='ltr'>audaciorem</span> <span class='ocrx_word' id='word_1_10' title='bbox 1550 701 1645 760; x_wconf 89' lang='lat' dir='ltr'>repn-</span> 
     </span>
     <span class='ocr_line' id='line_1_3' title="bbox 358 785 1173 860; baseline -0.001 -13"><span class='ocrx_word' id='word_1_11' title='bbox 358 787 511 860; x_wconf 86' lang='lat' dir='ltr'>diaverit,</span> <span class='ocrx_word' id='word_1_12' title='bbox 536 785 676 846; x_wconf 83' lang='lat' dir='ltr'>fortasse</span> <span class='ocrx_word' id='word_1_13' title='bbox 700 785 848 860; x_wconf 86' lang='lat' dir='ltr'>probabit</span> <span class='ocrx_word' id='word_1_14' title='bbox 871 785 1031 847; x_wconf 90' lang='lat' dir='ltr'>leniorem</span> <span class='ocrx_word' id='word_1_15' title='bbox 1055 786 1173 846; x_wconf 89' lang='lat' dir='ltr'>hance:</span> 
     </span>
     <span class='ocr_line' id='line_1_4' title="bbox 503 877 1454 968; baseline 0.001 -22"><span class='ocrx_word' id='word_1_16' title='bbox 503 883 565 964; x_wconf 63' lang='lat' dir='ltr'>3ss</span> <span class='ocrx_word' id='word_1_17' title='bbox 588 881 643 965; x_wconf 85' lang='grc' dir='ltr'><strong><em>μετ’</em></strong></span> <span class='ocrx_word' id='word_1_18' title='bbox 670 883 791 966; x_wconf 76' lang='grc' dir='ltr'><strong><em>ἄριστον</em></strong></span> <span class='ocrx_word' id='word_1_19' title='bbox 815 884 871 966; x_wconf 78' lang='grc' dir='ltr'><strong><em>γὰρ</em></strong></span> <span class='ocrx_word' id='word_1_20' title='bbox 894 883 936 959; x_wconf 74' lang='grc' dir='ltr'>ἃς</span> <span class='ocrx_word' id='word_1_21' title='bbox 961 884 1134 968; x_wconf 77' lang='grc' dir='ltr'><strong><em>ἀμυγδαλᾶς</em></strong></span> <span class='ocrx_word' id='word_1_22' title='bbox 1158 877 1212 957; x_wconf 78' lang='grc' dir='ltr'>(ὧν</span> <span class='ocrx_word' id='word_1_23' title='bbox 1236 884 1454 967; x_wconf 72' lang='grc' dir='ltr'><strong><em>ἆμυμδαλῶνῖ)</em></strong></span> 
     </span>
    </p>
   </div>
   <div class='ocr_carea' id='block_1_3' title="bbox 309 985 1650 5128">
    <p class='ocr_par' dir='ltr' id='par_1_3' title="bbox 357 985 1645 1574">
     <span class='ocr_line' id='line_1_5' title="bbox 504 985 1162 1070; baseline -0.003 -20"><span class='ocrx_word' id='word_1_24' title='bbox 504 986 664 1069; x_wconf 73' lang='grc' dir='ltr'><strong><em>παρέθηκα</em></strong></span> <span class='ocrx_word' id='word_1_25' title='bbox 686 985 737 1047; x_wconf 70' lang='grc' dir='ltr'><strong><em>καὶ</em></strong></span> <span class='ocrx_word' id='word_1_26' title='bbox 760 996 818 1048; x_wconf 87' lang='grc' dir='ltr'>τῶν</span> <span class='ocrx_word' id='word_1_27' title='bbox 840 987 963 1069; x_wconf 77' lang='grc' dir='ltr'>ῥοιδίων</span> <span class='ocrx_word' id='word_1_28' title='bbox 987 987 1162 1070; x_wconf 75' lang='grc' dir='ltr'><strong><em>ἐτρώγομεν.</em></strong></span> 
     </span>
     <span class='ocr_line' id='line_1_6' title="bbox 359 1089 1645 1166; baseline -0.002 -13"><span class='ocrx_word' id='word_1_29' title='bbox 359 1093 420 1153; x_wconf 84' lang='lat' dir='ltr'>Sed</span> <span class='ocrx_word' id='word_1_30' title='bbox 452 1096 589 1166; x_wconf 88' lang='lat' dir='ltr'>utroque</span> <span class='ocrx_word' id='word_1_31' title='bbox 619 1090 804 1151; x_wconf 86' lang='lat' dir='ltr'>tentamine</span> <span class='ocrx_word' id='word_1_32' title='bbox 833 1089 1071 1151; x_wconf 86' lang='lat' dir='ltr'>verisimilior</span> <span class='ocrx_word' id='word_1_33' title='bbox 1096 1091 1180 1152; x_wconf 90' lang='lat' dir='ltr'>mihi</span> <span class='ocrx_word' id='word_1_34' title='bbox 1205 1091 1333 1152; x_wconf 89' lang='lat' dir='ltr'>videtur</span> <span class='ocrx_word' id='word_1_35' title='bbox 1356 1091 1546 1151; x_wconf 88' lang='lat' dir='ltr'>coniectura</span> <span class='ocrx_word' id='word_1_36' title='bbox 1571 1105 1645 1166; x_wconf 89' lang='lat' dir='ltr'>poe·</span> 
     </span>
     <span class='ocr_line' id='line_1_7' title="bbox 359 1193 643 1270; baseline -0.011 -16"><span class='ocrx_word' id='word_1_37' title='bbox 359 1197 429 1255; x_wconf 92' lang='lat' dir='ltr'>tam</span> <span class='ocrx_word' id='word_1_38' title='bbox 453 1193 643 1270; x_wconf 88' lang='lat' dir='ltr'>scripsisse:</span> 
     </span>
     <span class='ocr_line' id='line_1_8' title="bbox 626 1289 1330 1374; baseline 0.003 -22"><span class='ocrx_word' id='word_1_39' title='bbox 626 1291 832 1372; x_wconf 80' lang='grc' dir='ltr'><strong><em>ἀριστίσας</em></strong></span> <span class='ocrx_word' id='word_1_40' title='bbox 856 1291 912 1374; x_wconf 77' lang='grc' dir='ltr'><strong><em>γὰρ</em></strong></span> <span class='ocrx_word' id='word_1_41' title='bbox 936 1289 971 1365; x_wconf 71' lang='grc' dir='ltr'>ἃς</span> <span class='ocrx_word' id='word_1_42' title='bbox 995 1291 1170 1374; x_wconf 76' lang='grc' dir='ltr'><strong><em>ἀμυγδαλὰς</em></strong></span> <span class='ocrx_word' id='word_1_43' title='bbox 1194 1291 1250 1374; x_wconf 75' lang='grc' dir='ltr'>ἐγὼ</span> <span class='ocrx_word' id='word_1_44' title='bbox 1274 1291 1330 1354; x_wconf 81' lang='grc' dir='ltr'>κτὲ.</span> 
     </span>
     <span class='ocr_line' id='line_1_9' title="bbox 358 1389 1645 1475; baseline -0.004 -17"><span class='ocrx_word' id='word_1_45' title='bbox 358 1399 408 1474; x_wconf 91' lang='lat' dir='ltr'>ut,</span> <span class='ocrx_word' id='word_1_46' title='bbox 441 1398 573 1457; x_wconf 84' lang='lat' dir='ltr'>servato</span> <span class='ocrx_word' id='word_1_47' title='bbox 605 1395 813 1471; x_wconf 85' lang='lat' dir='ltr'>pronomine,</span> <span class='ocrx_word' id='word_1_48' title='bbox 845 1389 902 1472; x_wconf 82' lang='grc' dir='ltr'><strong><em>μετ’</em></strong></span> <span class='ocrx_word' id='word_1_49' title='bbox 929 1392 1050 1475; x_wconf 77' lang='grc' dir='ltr'><strong><em>δριοτου</em></strong></span> <span class='ocrx_word' id='word_1_50' title='bbox 1074 1397 1235 1458; x_wconf 82' lang='lat' dir='ltr'>habeatur</span> <span class='ocrx_word' id='word_1_51' title='bbox 1256 1412 1315 1473; x_wconf 95' lang='lat' dir='ltr'>pro</span> <span class='ocrx_word' id='word_1_52' title='bbox 1346 1395 1444 1456; x_wconf 88' lang='lat' dir='ltr'>huius</span> <span class='ocrx_word' id='word_1_53' title='bbox 1475 1395 1645 1471; x_wconf 87' lang='lat' dir='ltr'>participii</span> 
     </span>
     <span class='ocr_line' id='line_1_10' title="bbox 357 1498 662 1574; baseline -0.003 -16"><span class='ocrx_word' id='word_1_54' title='bbox 357 1498 662 1574; x_wconf 85' lang='lat' dir='ltr'>interpretamento.</span> 
     </span>
    </p>

    <p class='ocr_par' dir='ltr' id='par_1_4' title="bbox 313 1596 1352 1675">
     <span class='ocr_line' id='line_1_11' title="bbox 313 1596 1352 1675; baseline -0.003 -14"><span class='ocrx_word' id='word_1_55' title='bbox 313 1603 364 1662; x_wconf 81' lang='lat' dir='ltr'>Fr.</span> <span class='ocrx_word' id='word_1_56' title='bbox 392 1602 465 1661; x_wconf 81' lang='lat'>158.</span> <span class='ocrx_word' id='word_1_57' title='bbox 489 1598 663 1660; x_wconf 82' lang='lat' dir='ltr'>Formulae</span> <span class='ocrx_word' id='word_1_58' title='bbox 685 1596 761 1658; x_wconf 78' lang='grc' dir='ltr'><strong><em>κατὰ</em></strong></span> <span class='ocrx_word' id='word_1_59' title='bbox 784 1596 877 1675; x_wconf 80' lang='grc' dir='ltr'><strong><em>μονὰς</em></strong></span> <span class='ocrx_word' id='word_1_60' title='bbox 900 1599 948 1660; x_wconf 88' lang='lat' dir='ltr'>Bi.</span> <span class='ocrx_word' id='word_1_61' title='bbox 973 1602 1046 1660; x_wconf 85' lang='lat' dir='ltr'>octo</span> <span class='ocrx_word' id='word_1_62' title='bbox 1070 1599 1166 1660; x_wconf 87' lang='lat' dir='ltr'>affert</span> <span class='ocrx_word' id='word_1_63' title='bbox 1189 1598 1352 1674; x_wconf 83' lang='lat' dir='ltr'>exempla.</span> 
     </span>
    </p>

    <p class='ocr_par' dir='ltr' id='par_1_5' title="bbox 314 1697 1648 2286">
     <span class='ocr_line' id='line_1_12' title="bbox 314 1697 1648 1780; baseline -0.002 -17"><span class='ocrx_word' id='word_1_64' title='bbox 314 1705 365 1765; x_wconf 85' lang='lat' dir='ltr'>Fr.</span> <span class='ocrx_word' id='word_1_65' title='bbox 393 1705 466 1778; x_wconf 88' lang='grc'><strong>161,</strong></span> <span class='ocrx_word' id='word_1_66' title='bbox 495 1704 522 1762; x_wconf 94' lang='grc'>1.</span> <span class='ocrx_word' id='word_1_67' title='bbox 553 1709 612 1760; x_wconf 83' lang='grc' dir='ltr'>τον</span> <span class='ocrx_word' id='word_1_68' title='bbox 640 1697 735 1780; x_wconf 76' lang='grc' dir='ltr'><strong><em>ἔργον</em></strong></span> <span class='ocrx_word' id='word_1_69' title='bbox 758 1704 848 1762; x_wconf 86' lang='lat' dir='ltr'>recto</span> <span class='ocrx_word' id='word_1_70' title='bbox 871 1699 984 1774; x_wconf 81' lang='lat' dir='ltr'>Cobet;</span> <span class='ocrx_word' id='word_1_71' title='bbox 1002 1717 1058 1763; x_wconf 71' lang='lat' dir='ltr'>us.</span> <span class='ocrx_word' id='word_1_72' title='bbox 1085 1704 1103 1762; x_wconf 84' lang='lat'><strong>2</strong></span> <span class='ocrx_word' id='word_1_73' title='bbox 1128 1703 1245 1763; x_wconf 89' lang='lat' dir='ltr'>malim</span> <span class='ocrx_word' id='word_1_74' title='bbox 1268 1699 1444 1772; x_wconf 79' lang='grc' dir='ltr'><strong><em>ἀποδείξεις.</em></strong></span> <span class='ocrx_word' id='word_1_75' title='bbox 1469 1701 1648 1761; x_wconf 77' lang='lat' dir='ltr'>Sententia</span> 
     </span>
     <span class='ocr_line' id='line_1_13' title="bbox 358 1802 1645 1872; baseline -0.002 -8"><span class='ocrx_word' id='word_1_76' title='bbox 358 1805 440 1865; x_wconf 89' lang='lat' dir='ltr'>haec</span> <span class='ocrx_word' id='word_1_77' title='bbox 474 1805 542 1864; x_wconf 89' lang='lat' dir='ltr'>est:</span> <span class='ocrx_word' id='word_1_78' title='bbox 579 1816 671 1870; x_wconf 85' lang='lat' dir='ltr'>nam</span> <span class='ocrx_word' id='word_1_79' title='bbox 707 1802 886 1863; x_wconf 88' lang='lat' dir='ltr'>audacia</span> <span class='ocrx_word' id='word_1_80' title='bbox 916 1803 1109 1864; x_wconf 79' lang='lat' dir='ltr'>facinora</span> <span class='ocrx_word' id='word_1_81' title='bbox 1140 1805 1180 1863; x_wconf 90' lang='lat' dir='ltr'>in</span> <span class='ocrx_word' id='word_1_82' title='bbox 1211 1803 1523 1864; x_wconf 77' lang='lat' dir='ltr'>deliberatione</span> <span class='ocrx_word' id='word_1_83' title='bbox 1554 1805 1645 1872; x_wconf 86' lang='grc'><strong>(1.6.</strong></span> 
     </span>
     <span class='ocr_line' id='line_1_14' title="bbox 358 1903 1647 1980; baseline -0.002 -14"><span class='ocrx_word' id='word_1_84' title='bbox 358 1906 463 1966; x_wconf 87' lang='lat' dir='ltr'>iudice</span> <span class='ocrx_word' id='word_1_85' title='bbox 499 1919 537 1965; x_wconf 90' lang='lat' dir='ltr'>ec</span> <span class='ocrx_word' id='word_1_86' title='bbox 572 1903 627 1978; x_wconf 90' lang='lat' dir='ltr'>qui</span> <span class='ocrx_word' id='word_1_87' title='bbox 661 1903 700 1963; x_wconf 91' lang='lat' dir='ltr'>de</span> <span class='ocrx_word' id='word_1_88' title='bbox 731 1903 772 1962; x_wconf 89' lang='lat' dir='ltr'>iis</span> <span class='ocrx_word' id='word_1_89' title='bbox 802 1904 1011 1978; x_wconf 83' lang='lat' dir='ltr'>praestandis</span> <span class='ocrx_word' id='word_1_90' title='bbox 1046 1905 1180 1980; x_wconf 81' lang='lat' dir='ltr'>cogitat)</span> <span class='ocrx_word' id='word_1_91' title='bbox 1214 1905 1446 1965; x_wconf 82' lang='lat' dir='ltr'>diiiicilem</span> <span class='ocrx_word' id='word_1_92' title='bbox 1481 1904 1647 1965; x_wconf 90' lang='lat' dir='ltr'>habent</span> 
     </span>
     <span class='ocr_line' id='line_1_15' title="bbox 358 2003 1647 2083; baseline -0.002 -15"><span class='ocrx_word' id='word_1_93' title='bbox 358 2007 704 2083; x_wconf 86' lang='lat' dir='ltr'>praestitionem,</span> <span class='ocrx_word' id='word_1_94' title='bbox 741 2003 888 2065; x_wconf 83' lang='lat' dir='ltr'>difficilia</span> <span class='ocrx_word' id='word_1_95' title='bbox 921 2009 1001 2066; x_wconf 88' lang='lat' dir='ltr'>sunt</span> <span class='ocrx_word' id='word_1_96' title='bbox 1035 2007 1075 2066; x_wconf 89' lang='lat' dir='ltr'>ad</span> <span class='ocrx_word' id='word_1_97' title='bbox 1111 2007 1357 2082; x_wconf 86' lang='lat' dir='ltr'>praestandum.</span> <span class='ocrx_word' id='word_1_98' title='bbox 1397 2006 1486 2081; x_wconf 80' lang='lat' dir='ltr'>Quod</span> <span class='ocrx_word' id='word_1_99' title='bbox 1522 2021 1647 2066; x_wconf 83' lang='lat' dir='ltr'>moneo</span> 
     </span>
     <span class='ocr_line' id='line_1_16' title="bbox 356 2103 1647 2184; baseline -0.003 -14"><span class='ocrx_word' id='word_1_100' title='bbox 356 2110 488 2184; x_wconf 88' lang='lat' dir='ltr'>propter</span> <span class='ocrx_word' id='word_1_101' title='bbox 507 2105 669 2168; x_wconf 87' lang='lat' dir='ltr'>chkium</span> <span class='ocrx_word' id='word_1_102' title='bbox 691 2106 770 2167; x_wconf 87' lang='lat' dir='ltr'>haec</span> <span class='ocrx_word' id='word_1_103' title='bbox 790 2121 856 2166; x_wconf 92' lang='lat' dir='ltr'>non</span> <span class='ocrx_word' id='word_1_104' title='bbox 876 2105 1134 2182; x_wconf 80' lang='lat' dir='ltr'>intellegentem.</span> <span class='ocrx_word' id='word_1_105' title='bbox 1150 2141 1190 2151; x_wconf 95' lang='lat'>-</span> <span class='ocrx_word' id='word_1_106' title='bbox 1211 2108 1267 2168; x_wconf 87' lang='lat' dir='ltr'>Vs.</span> <span class='ocrx_word' id='word_1_107' title='bbox 1281 2109 1312 2169; x_wconf 83' lang='lat'>4.</span> <span class='ocrx_word' id='word_1_108' title='bbox 1325 2103 1550 2183; x_wconf 76' lang='grc' dir='ltr'><strong><em>τάποσδόιιμον</em></strong></span> <span class='ocrx_word' id='word_1_109' title='bbox 1564 2109 1647 2166; x_wconf 90' lang='lat' dir='ltr'>reci-</span> 
     </span>
     <span class='ocr_line' id='line_1_17' title="bbox 358 2207 961 2286; baseline -0.005 -16"><span class='ocrx_word' id='word_1_110' title='bbox 358 2210 514 2286; x_wconf 89' lang='lat' dir='ltr'>piendum</span> <span class='ocrx_word' id='word_1_111' title='bbox 538 2207 640 2269; x_wconf 86' lang='lat' dir='ltr'>luisse</span> <span class='ocrx_word' id='word_1_112' title='bbox 663 2211 752 2268; x_wconf 86' lang='lat' dir='ltr'>recte</span> <span class='ocrx_word' id='word_1_113' title='bbox 775 2210 889 2268; x_wconf 91' lang='lat' dir='ltr'>monet</span> <span class='ocrx_word' id='word_1_114' title='bbox 912 2207 961 2268; x_wconf 86' lang='lat' dir='ltr'>Bl.</span> 
     </span>
    </p>

    <p class='ocr_par' dir='ltr' id='par_1_6' title="bbox 315 2302 1650 2488">
     <span class='ocr_line' id='line_1_18' title="bbox 315 2302 1650 2388; baseline -0.001 -16"><span class='ocrx_word' id='word_1_115' title='bbox 315 2313 365 2372; x_wconf 81' lang='lat' dir='ltr'>Fr.</span> <span class='ocrx_word' id='word_1_116' title='bbox 392 2314 466 2388; x_wconf 77' lang='lat'>164,</span> <span class='ocrx_word' id='word_1_117' title='bbox 493 2313 521 2370; x_wconf 93' lang='grc'>1.</span> <span class='ocrx_word' id='word_1_118' title='bbox 556 2302 600 2386; x_wconf 66' lang='grc' dir='ltr'>ἄρ’</span> <span class='ocrx_word' id='word_1_119' title='bbox 638 2309 912 2384; x_wconf 76' lang='lat' dir='ltr'>interrogativum</span> <span class='ocrx_word' id='word_1_120' title='bbox 943 2325 1017 2370; x_wconf 88' lang='lat' dir='ltr'>osse</span> <span class='ocrx_word' id='word_1_121' title='bbox 1048 2312 1163 2372; x_wconf 87' lang='lat' dir='ltr'>monet</span> <span class='ocrx_word' id='word_1_122' title='bbox 1193 2312 1241 2371; x_wconf 90' lang='lat' dir='ltr'>Bl.</span> <span class='ocrx_word' id='word_1_123' title='bbox 1274 2311 1435 2386; x_wconf 89' lang='lat' dir='ltr'>Perpetuo</span> <span class='ocrx_word' id='word_1_124' title='bbox 1453 2311 1525 2370; x_wconf 74' lang='lat' dir='ltr'>‘hac</span> <span class='ocrx_word' id='word_1_125' title='bbox 1549 2311 1584 2370; x_wconf 91' lang='lat' dir='ltr'>in</span> <span class='ocrx_word' id='word_1_126' title='bbox 1611 2327 1650 2370; x_wconf 85' lang='lat' dir='ltr'>re</span> 
     </span>
     <span class='ocr_line' id='line_1_19' title="bbox 355 2410 1005 2488; baseline 0 -16"><span class='ocrx_word' id='word_1_127' title='bbox 355 2413 477 2474; x_wconf 86' lang='lat' dir='ltr'>labitur</span> <span class='ocrx_word' id='word_1_128' title='bbox 501 2411 608 2488; x_wconf 87' lang='lat' dir='ltr'>Kock,</span> <span class='ocrx_word' id='word_1_129' title='bbox 634 2425 695 2470; x_wconf 91' lang='lat' dir='ltr'>neo</span> <span class='ocrx_word' id='word_1_130' title='bbox 717 2413 832 2487; x_wconf 89' lang='lat' dir='ltr'>postea</span> <span class='ocrx_word' id='word_1_131' title='bbox 855 2410 1005 2472; x_wconf 90' lang='lat' dir='ltr'>monebo.</span> 
     </span>
    </p>

    <p class='ocr_par' dir='ltr' id='par_1_7' title="bbox 314 2509 1354 2596">
     <span class='ocr_line' id='line_1_20' title="bbox 314 2509 1354 2596; baseline -0.002 -22"><span class='ocrx_word' id='word_1_132' title='bbox 314 2514 365 2574; x_wconf 81' lang='lat' dir='ltr'>Fr.</span> <span class='ocrx_word' id='word_1_133' title='bbox 393 2515 465 2574; x_wconf 84' lang='grc'><strong>173.</strong></span> <span class='ocrx_word' id='word_1_134' title='bbox 623 2510 664 2590; x_wconf 79' lang='grc' dir='ltr'><strong>μή</strong></span> <span class='ocrx_word' id='word_1_135' title='bbox 686 2511 918 2596; x_wconf 76' lang='grc' dir='ltr'><strong><em>καταφρονήσῃς</em></strong></span> <span class='ocrx_word' id='word_1_136' title='bbox 941 2521 1000 2572; x_wconf 84' lang='grc' dir='ltr'>τῶν</span> <span class='ocrx_word' id='word_1_137' title='bbox 1023 2517 1113 2572; x_wconf 83' lang='grc' dir='ltr'><strong><em>θεῶν·</em></strong></span> <span class='ocrx_word' id='word_1_138' title='bbox 1137 2509 1169 2572; x_wconf 78' lang='grc' dir='ltr'>ἒν</span> <span class='ocrx_word' id='word_1_139' title='bbox 1192 2510 1282 2572; x_wconf 77' lang='grc' dir='ltr'><strong><em>παντὶ</em></strong></span> <span class='ocrx_word' id='word_1_140' title='bbox 1305 2513 1354 2572; x_wconf 81' lang='grc' dir='ltr'>δεῖ</span> 
     </span>
    </p>

    <p class='ocr_par' dir='ltr' id='par_1_8' title="bbox 624 2611 1320 2698">
     <span class='ocr_line' id='line_1_21' title="bbox 624 2611 1320 2698; baseline 0.003 -26"><span class='ocrx_word' id='word_1_141' title='bbox 624 2623 718 2698; x_wconf 75' lang='grc' dir='ltr'><strong><em>καιρῷ</em></strong></span> <span class='ocrx_word' id='word_1_142' title='bbox 742 2611 775 2673; x_wconf 84' lang='grc' dir='ltr'>τὸ</span> <span class='ocrx_word' id='word_1_143' title='bbox 798 2612 916 2673; x_wconf 81' lang='grc' dir='ltr'><strong><em>δίκαιον</em></strong></span> <span class='ocrx_word' id='word_1_144' title='bbox 940 2611 1108 2693; x_wconf 77' lang='grc' dir='ltr'><strong><em>ἐπικρατεῖν</em></strong></span> <span class='ocrx_word' id='word_1_145' title='bbox 1131 2611 1320 2692; x_wconf 81' lang='grc' dir='ltr'><strong><em>ἁπανταχοῦ,</em></strong></span> 
     </span>
    </p>

    <p class='ocr_par' dir='ltr' id='par_1_9' title="bbox 625 2713 1427 2795">
     <span class='ocr_line' id='line_1_22' title="bbox 625 2713 1427 2795; baseline 0 -20"><span class='ocrx_word' id='word_1_146' title='bbox 625 2713 751 2776; x_wconf 72' lang='grc' dir='ltr'><strong><em>καὶτὸν</em></strong></span> <span class='ocrx_word' id='word_1_147' title='bbox 774 2715 1041 2795; x_wconf 77' lang='grc' dir='ltr'><strong><em>παρατυγχάνοντα</em></strong></span> <span class='ocrx_word' id='word_1_148' title='bbox 1064 2717 1171 2777; x_wconf 85' lang='grc' dir='ltr'><strong><em>τούτου</em></strong></span> <span class='ocrx_word' id='word_1_149' title='bbox 1195 2723 1261 2776; x_wconf 82' lang='grc' dir='ltr'>τοῦ</span> <span class='ocrx_word' id='word_1_150' title='bbox 1285 2713 1427 2794; x_wconf 80' lang='grc' dir='ltr'><strong><em>μέρους</em></strong></span> 
     </span>
    </p>

    <p class='ocr_par' dir='ltr' id='par_1_10' title="bbox 357 2815 1648 3705">
     <span class='ocr_line' id='line_1_23' title="bbox 626 2815 1232 2904; baseline 0.002 -28"><span class='ocrx_word' id='word_1_151' title='bbox 626 2815 702 2895; x_wconf 74' lang='grc' dir='ltr'><strong><em>ἔχειν</em></strong></span> <span class='ocrx_word' id='word_1_152' title='bbox 725 2815 872 2894; x_wconf 88' lang='grc' dir='ltr'><strong><em>πρόνοιαν</em></strong></span> <span class='ocrx_word' id='word_1_153' title='bbox 895 2815 999 2877; x_wconf 89' lang='grc' dir='ltr'><strong><em>κοινόν</em></strong></span> <span class='ocrx_word' id='word_1_154' title='bbox 1023 2815 1083 2877; x_wconf 77' lang='grc' dir='ltr'><strong><em>ἐστι</em></strong></span> <span class='ocrx_word' id='word_1_155' title='bbox 1106 2828 1144 2900; x_wconf 77' lang='grc' dir='ltr'>τῷ</span> <span class='ocrx_word' id='word_1_156' title='bbox 1167 2818 1232 2904; x_wconf 77' lang='grc' dir='ltr'>βίῳ.</span> 
     </span>
     <span class='ocr_line' id='line_1_24' title="bbox 358 2918 1646 2993; baseline -0.001 -14"><span class='ocrx_word' id='word_1_157' title='bbox 358 2919 382 2979; x_wconf 82' lang='grc' dir='ltr'><strong>Ε</strong></span> <span class='ocrx_word' id='word_1_158' title='bbox 408 2935 455 2979; x_wconf 85' lang='lat' dir='ltr'>ve.</span> <span class='ocrx_word' id='word_1_159' title='bbox 481 2919 500 2978; x_wconf 86' lang='lat'><strong>3</strong></span> <span class='ocrx_word' id='word_1_160' title='bbox 525 2933 573 2990; x_wconf 82' lang='lat' dir='ltr'>sq.</span> <span class='ocrx_word' id='word_1_161' title='bbox 609 2919 731 2993; x_wconf 87' lang='lat' dir='ltr'>Aptam</span> <span class='ocrx_word' id='word_1_162' title='bbox 762 2919 876 2993; x_wconf 89' lang='lat' dir='ltr'>utique</span> <span class='ocrx_word' id='word_1_163' title='bbox 908 2920 1110 2980; x_wconf 86' lang='lat' dir='ltr'>sententiam</span> <span class='ocrx_word' id='word_1_164' title='bbox 1134 2935 1151 2979; x_wconf 93' lang='lat' dir='ltr'>e</span> <span class='ocrx_word' id='word_1_165' title='bbox 1176 2935 1224 2980; x_wconf 87' lang='lat' dir='ltr'>vs.</span> <span class='ocrx_word' id='word_1_166' title='bbox 1249 2921 1268 2980; x_wconf 86' lang='lat'><strong>3</strong></span> <span class='ocrx_word' id='word_1_167' title='bbox 1293 2935 1341 2992; x_wconf 88' lang='lat' dir='ltr'>sq.</span> <span class='ocrx_word' id='word_1_168' title='bbox 1373 2918 1484 2979; x_wconf 88' lang='lat' dir='ltr'>clicuit</span> <span class='ocrx_word' id='word_1_169' title='bbox 1515 2919 1646 2978; x_wconf 86' lang='lat' dir='ltr'>hence:</span> 
     </span>
     <span class='ocr_line' id='line_1_25' title="bbox 359 3005 1648 3096; baseline -0.002 -15"><span class='ocrx_word' id='word_1_170' title='bbox 359 3021 450 3081; x_wconf 89' lang='lat' dir='ltr'>Koclr</span> <span class='ocrx_word' id='word_1_171' title='bbox 481 3020 602 3079; x_wconf 88' lang='lat' dir='ltr'>hance:</span> <span class='ocrx_word' id='word_1_172' title='bbox 637 3005 924 3095; x_wconf 63' lang='lat' dir='ltr'>,Omnibus‘utilo</span> <span class='ocrx_word' id='word_1_173' title='bbox 948 3023 999 3081; x_wconf 88' lang='lat' dir='ltr'>est</span> <span class='ocrx_word' id='word_1_174' title='bbox 1024 3035 1328 3096; x_wconf 87' lang='lat' dir='ltr'>unumquemque,</span> <span class='ocrx_word' id='word_1_175' title='bbox 1354 3020 1407 3079; x_wconf 92' lang='lat' dir='ltr'>ubi</span> <span class='ocrx_word' id='word_1_176' title='bbox 1432 3020 1648 3080; x_wconf 83' lang='lat' dir='ltr'>occasionem</span> 
     </span>
     <span class='ocr_line' id='line_1_26' title="bbox 358 3120 1635 3198; baseline 0 -17"><span class='ocrx_word' id='word_1_177' title='bbox 358 3122 577 3196; x_wconf 83' lang='lat' dir='ltr'>nanciscatur,</span> <span class='ocrx_word' id='word_1_178' title='bbox 610 3122 700 3181; x_wconf 91' lang='lat' dir='ltr'>eius</span> <span class='ocrx_word' id='word_1_179' title='bbox 731 3122 791 3182; x_wconf 91' lang='lat' dir='ltr'>rei</span> <span class='ocrx_word' id='word_1_180' title='bbox 819 3137 932 3182; x_wconf 87' lang='lat' dir='ltr'>curam</span> <span class='ocrx_word' id='word_1_181' title='bbox 956 3124 1102 3198; x_wconf 89' lang='lat' dir='ltr'>gerere.”</span> <span class='ocrx_word' id='word_1_182' title='bbox 1127 3123 1237 3197; x_wconf 90' lang='lat' dir='ltr'>Neque</span> <span class='ocrx_word' id='word_1_183' title='bbox 1261 3123 1400 3196; x_wconf 84' lang='lat' dir='ltr'>obnitar,</span> <span class='ocrx_word' id='word_1_184' title='bbox 1425 3122 1522 3181; x_wconf 92' lang='lat' dir='ltr'>modo</span> <span class='ocrx_word' id='word_1_185' title='bbox 1546 3120 1635 3181; x_wconf 84' lang='lat' dir='ltr'>intel</span> 
     </span>
     <span class='ocr_line' id='line_1_27' title="bbox 357 3221 1646 3302; baseline -0.003 -18"><span class='ocrx_word' id='word_1_186' title='bbox 357 3224 486 3298; x_wconf 89' lang='lat' dir='ltr'>legatur</span> <span class='ocrx_word' id='word_1_187' title='bbox 516 3229 602 3280; x_wconf 84' lang='grc' dir='ltr'><strong><em>τοῦτο</em></strong></span> <span class='ocrx_word' id='word_1_188' title='bbox 634 3221 665 3281; x_wconf 78' lang='grc' dir='ltr'>τὸ</span> <span class='ocrx_word' id='word_1_189' title='bbox 696 3221 783 3302; x_wconf 79' lang='grc' dir='ltr'><strong><em>μέρος</em></strong></span> <span class='ocrx_word' id='word_1_190' title='bbox 807 3239 873 3284; x_wconf 91' lang='lat' dir='ltr'>non</span> <span class='ocrx_word' id='word_1_191' title='bbox 895 3239 992 3300; x_wconf 90' lang='lat' dir='ltr'>posse</span> <span class='ocrx_word' id='word_1_192' title='bbox 1015 3225 1128 3285; x_wconf 86' lang='lat' dir='ltr'>referri</span> <span class='ocrx_word' id='word_1_193' title='bbox 1152 3226 1192 3286; x_wconf 90' lang='lat' dir='ltr'>ad</span> <span class='ocrx_word' id='word_1_194' title='bbox 1216 3225 1325 3286; x_wconf 90' lang='lat' dir='ltr'>solum</span> <span class='ocrx_word' id='word_1_195' title='bbox 1348 3238 1584 3300; x_wconf 87' lang='lat' dir='ltr'>praegressum</span> <span class='ocrx_word' id='word_1_196' title='bbox 1612 3223 1646 3280; x_wconf 77' lang='lat' dir='ltr'>rb</span> 
     </span>
     <span class='ocr_line' id='line_1_28' title="bbox 357 3322 1645 3405; baseline 0 -21"><span class='ocrx_word' id='word_1_197' title='bbox 357 3324 489 3400; x_wconf 79' lang='grc' dir='ltr'><strong><em>δίκαιον,</em></strong></span> <span class='ocrx_word' id='word_1_198' title='bbox 518 3327 691 3398; x_wconf 90' lang='lat' dir='ltr'>propterea</span> <span class='ocrx_word' id='word_1_199' title='bbox 719 3326 804 3399; x_wconf 86' lang='lat' dir='ltr'>quod</span> <span class='ocrx_word' id='word_1_200' title='bbox 836 3322 924 3405; x_wconf 78' lang='grc' dir='ltr'><strong><em>μέρος</em></strong></span> <span class='ocrx_word' id='word_1_201' title='bbox 956 3341 1125 3401; x_wconf 88' lang='lat' dir='ltr'>nunquam</span> <span class='ocrx_word' id='word_1_202' title='bbox 1148 3342 1264 3402; x_wconf 91' lang='lat' dir='ltr'>graece</span> <span class='ocrx_word' id='word_1_203' title='bbox 1288 3324 1453 3402; x_wconf 86' lang='lat' dir='ltr'>significat</span> <span class='ocrx_word' id='word_1_204' title='bbox 1475 3341 1556 3401; x_wconf 81' lang='lat' dir='ltr'>rea,</span> <span class='ocrx_word' id='word_1_205' title='bbox 1582 3326 1645 3385; x_wconf 90' lang='lat' dir='ltr'>sed</span> 
     </span>
     <span class='ocr_line' id='line_1_29' title="bbox 358 3424 1645 3503; baseline -0.002 -15"><span class='ocrx_word' id='word_1_206' title='bbox 358 3429 467 3503; x_wconf 86' lang='lat' dir='ltr'>potest</span> <span class='ocrx_word' id='word_1_207' title='bbox 489 3424 673 3501; x_wconf 87' lang='lat' dir='ltr'>significare</span> <span class='ocrx_word' id='word_1_208' title='bbox 696 3429 730 3487; x_wconf 91' lang='lat' dir='ltr'>et</span> <span class='ocrx_word' id='word_1_209' title='bbox 753 3441 851 3503; x_wconf 90' lang='lat' dir='ltr'>saepe</span> <span class='ocrx_word' id='word_1_210' title='bbox 870 3427 1036 3503; x_wconf 86' lang='lat' dir='ltr'>significat</span> <span class='ocrx_word' id='word_1_211' title='bbox 1055 3429 1260 3503; x_wconf 88' lang='lat' dir='ltr'>singulorum</span> <span class='ocrx_word' id='word_1_212' title='bbox 1284 3430 1428 3503; x_wconf 90' lang='lat' dir='ltr'>partes</span> <span class='ocrx_word' id='word_1_213' title='bbox 1451 3427 1522 3486; x_wconf 82' lang='lat' dir='ltr'>sire</span> <span class='ocrx_word' id='word_1_214' title='bbox 1547 3426 1645 3486; x_wconf 84' lang='lat' dir='ltr'>offi-</span> 
     </span>
     <span class='ocr_line' id='line_1_30' title="bbox 358 3527 1644 3605; baseline -0.001 -16"><span class='ocrx_word' id='word_1_215' title='bbox 358 3530 479 3604; x_wconf 88' lang='lat' dir='ltr'>cium,</span> <span class='ocrx_word' id='word_1_216' title='bbox 519 3528 567 3588; x_wconf 86' lang='lat' dir='ltr'>ita</span> <span class='ocrx_word' id='word_1_217' title='bbox 594 3530 630 3587; x_wconf 89' lang='lat' dir='ltr'>ut</span> <span class='ocrx_word' id='word_1_218' title='bbox 652 3527 860 3590; x_wconf 86' lang='lat' dir='ltr'>referendum</span> <span class='ocrx_word' id='word_1_219' title='bbox 885 3530 928 3589; x_wconf 87' lang='lat' dir='ltr'>sit</span> <span class='ocrx_word' id='word_1_220' title='bbox 952 3530 992 3590; x_wconf 87' lang='lat' dir='ltr'>ad</span> <span class='ocrx_word' id='word_1_221' title='bbox 1016 3531 1207 3590; x_wconf 88' lang='lat' dir='ltr'>universam</span> <span class='ocrx_word' id='word_1_222' title='bbox 1233 3529 1351 3605; x_wconf 91' lang='lat' dir='ltr'>agendi</span> <span class='ocrx_word' id='word_1_223' title='bbox 1374 3543 1527 3589; x_wconf 89' lang='lat' dir='ltr'>normam</span> <span class='ocrx_word' id='word_1_224' title='bbox 1553 3543 1644 3588; x_wconf 90' lang='lat' dir='ltr'>com·</span> 
     </span>
     <span class='ocr_line' id='line_1_31' title="bbox 357 3629 1542 3705; baseline -0.001 -15"><span class='ocrx_word' id='word_1_225' title='bbox 357 3629 549 3690; x_wconf 82' lang='lat' dir='ltr'>mandatam</span> <span class='ocrx_word' id='word_1_226' title='bbox 573 3629 606 3687; x_wconf 89' lang='lat' dir='ltr'>in</span> <span class='ocrx_word' id='word_1_227' title='bbox 630 3629 844 3703; x_wconf 89' lang='lat' dir='ltr'>praegressis.</span> <span class='ocrx_word' id='word_1_228' title='bbox 868 3630 969 3690; x_wconf 87' lang='lat' dir='ltr'>Multo</span> <span class='ocrx_word' id='word_1_229' title='bbox 993 3632 1106 3691; x_wconf 87' lang='lat' dir='ltr'>tamen</span> <span class='ocrx_word' id='word_1_230' title='bbox 1131 3631 1337 3692; x_wconf 88' lang='lat' dir='ltr'>commodius</span> <span class='ocrx_word' id='word_1_231' title='bbox 1360 3631 1542 3705; x_wconf 83' lang='lat' dir='ltr'>legeretur:</span> 
     </span>
    </p>

    <p class='ocr_par' dir='ltr' id='par_1_11' title="bbox 756 3727 1431 3815">
     <span class='ocr_line' id='line_1_32' title="bbox 756 3727 1431 3815; baseline 0.003 -28"><span class='ocrx_word' id='word_1_232' title='bbox 756 3731 865 3790; x_wconf 76' lang='lat' dir='ltr'>codron</span> <span class='ocrx_word' id='word_1_233' title='bbox 890 3739 946 3802; x_wconf 84' lang='lat' dir='ltr'>(sc.</span> <span class='ocrx_word' id='word_1_234' title='bbox 971 3739 1024 3790; x_wconf 86' lang='grc' dir='ltr'>τοῦ</span> <span class='ocrx_word' id='word_1_235' title='bbox 1048 3732 1178 3803; x_wconf 82' lang='grc' dir='ltr'><strong><em>δικαίου)</em></strong></span> <span class='ocrx_word' id='word_1_236' title='bbox 1198 3727 1229 3791; x_wconf 91' lang='grc' dir='ltr'>’ν</span> <span class='ocrx_word' id='word_1_237' title='bbox 1252 3741 1299 3815; x_wconf 75' lang='grc' dir='ltr'>τῷ</span> <span class='ocrx_word' id='word_1_238' title='bbox 1323 3728 1431 3810; x_wconf 77' lang='grc' dir='ltr'><strong><em>μέρει</em></strong></span> 
     </span>
    </p>

    <p class='ocr_par' dir='ltr' id='par_1_12' title="bbox 356 3827 1644 4110">
     <span class='ocr_line' id='line_1_33' title="bbox 625 3827 885 3909; baseline 0.012 -21"><span class='ocrx_word' id='word_1_239' title='bbox 625 3827 700 3907; x_wconf 72' lang='grc' dir='ltr'><strong><em>ἔχειν</em></strong></span> <span class='ocrx_word' id='word_1_240' title='bbox 724 3830 885 3909; x_wconf 90' lang='grc' dir='ltr'><strong><em>πρόνοιαν,</em></strong></span> 
     </span>
     <span class='ocr_line' id='line_1_34' title="bbox 356 3930 1644 4010; baseline 0 -16"><span class='ocrx_word' id='word_1_241' title='bbox 356 3951 420 4010; x_wconf 87' lang='lat' dir='ltr'>quo</span> <span class='ocrx_word' id='word_1_242' title='bbox 445 3933 603 4008; x_wconf 88' lang='lat' dir='ltr'>admisso,</span> <span class='ocrx_word' id='word_1_243' title='bbox 628 3930 731 3992; x_wconf 83' lang='lat' dir='ltr'>etiarn</span> <span class='ocrx_word' id='word_1_244' title='bbox 759 3933 879 3994; x_wconf 87' lang='lat' dir='ltr'>melius</span> <span class='ocrx_word' id='word_1_245' title='bbox 903 3937 1121 4009; x_wconf 87' lang='lat' dir='ltr'>opponeretur</span> <span class='ocrx_word' id='word_1_246' title='bbox 1144 3933 1248 3994; x_wconf 82' lang='grc' dir='ltr'><strong><em>κοινὸν</em></strong></span> <span class='ocrx_word' id='word_1_247' title='bbox 1272 3937 1315 4004; x_wconf 86' lang='lat' dir='ltr'>(in</span> <span class='ocrx_word' id='word_1_248' title='bbox 1340 3950 1402 4008; x_wconf 86' lang='lat' dir='ltr'>quo</span> <span class='ocrx_word' id='word_1_249' title='bbox 1426 3935 1542 3996; x_wconf 86' lang='lat' dir='ltr'>haeret</span> <span class='ocrx_word' id='word_1_250' title='bbox 1566 3934 1644 4010; x_wconf 89' lang='lat' dir='ltr'>Bl.),</span> 
     </span>
     <span class='ocr_line' id='line_1_35' title="bbox 356 4030 951 4110; baseline 0.003 -16"><span class='ocrx_word' id='word_1_251' title='bbox 356 4036 376 4096; x_wconf 90' lang='lat' dir='ltr'>i.</span> <span class='ocrx_word' id='word_1_252' title='bbox 401 4053 428 4096; x_wconf 83' lang='lat' dir='ltr'>e.</span> <span class='ocrx_word' id='word_1_253' title='bbox 453 4030 647 4110; x_wconf 74' lang='grc' dir='ltr'><strong><em>κοινωφελὲς,</em></strong></span> <span class='ocrx_word' id='word_1_254' title='bbox 669 4034 703 4092; x_wconf 91' lang='grc'>111</span> <span class='ocrx_word' id='word_1_255' title='bbox 726 4036 951 4108; x_wconf 77' lang='lat' dir='ltr'>sequentibus.</span> 
     </span>
    </p>

    <p class='ocr_par' dir='ltr' id='par_1_13' title="bbox 313 4131 1051 4213">
     <span class='ocr_line' id='line_1_36' title="bbox 313 4131 1051 4213; baseline 0.003 -17"><span class='ocrx_word' id='word_1_256' title='bbox 313 4139 363 4197; x_wconf 75' lang='lat' dir='ltr'>nr.</span> <span class='ocrx_word' id='word_1_257' title='bbox 392 4139 465 4211; x_wconf 72' lang='lat'>177,</span> <span class='ocrx_word' id='word_1_258' title='bbox 491 4137 520 4196; x_wconf 83' lang='lat'>2.</span> <span class='ocrx_word' id='word_1_259' title='bbox 545 4131 740 4213; x_wconf 82' lang='grc' dir='ltr'><strong><em>κατεφθορὼς</em></strong></span> <span class='ocrx_word' id='word_1_260' title='bbox 765 4139 853 4197; x_wconf 77' lang='grc'><strong>16016</strong></span> <span class='ocrx_word' id='word_1_261' title='bbox 879 4137 1051 4198; x_wconf 82' lang='lat' dir='ltr'>Headlam.</span> 
     </span>
    </p>

    <p class='ocr_par' dir='ltr' id='par_1_14' title="bbox 312 4232 1644 4416">
     <span class='ocr_line' id='line_1_37' title="bbox 312 4232 1644 4318; baseline 0.001 -21"><span class='ocrx_word' id='word_1_262' title='bbox 312 4238 364 4297; x_wconf 84' lang='lat' dir='ltr'>Fr.</span> <span class='ocrx_word' id='word_1_263' title='bbox 393 4240 464 4298; x_wconf 84' lang='lat'>182.</span> <span class='ocrx_word' id='word_1_264' title='bbox 489 4237 536 4296; x_wconf 84' lang='lat' dir='ltr'>Bi.</span> <span class='ocrx_word' id='word_1_265' title='bbox 560 4235 663 4313; x_wconf 81' lang='grc' dir='ltr'><strong><em>εἴσειμι</em></strong></span> <span class='ocrx_word' id='word_1_266' title='bbox 683 4234 757 4315; x_wconf 83' lang='grc' dir='ltr'><strong><em>πρὸς</em></strong></span> <span class='ocrx_word' id='word_1_267' title='bbox 778 4233 894 4313; x_wconf 71' lang='grc' dir='ltr'><strong><em>ἐκείνην</em></strong></span> <span class='ocrx_word' id='word_1_268' title='bbox 918 4232 1050 4315; x_wconf 79' lang='grc' dir='ltr'><strong><em>&lt;ιάχ’&gt;·</em></strong></span> <span class='ocrx_word' id='word_1_269' title='bbox 1074 4235 1137 4315; x_wconf 77' lang='grc' dir='ltr'><strong><em>ἅρτι</em></strong></span> <span class='ocrx_word' id='word_1_270' title='bbox 1161 4237 1216 4318; x_wconf 73' lang='grc' dir='ltr'><strong><em>γὰρ</em></strong></span> <span class='ocrx_word' id='word_1_271' title='bbox 1234 4247 1294 4298; x_wconf 85' lang='grc' dir='ltr'>νοῶ</span> <span class='ocrx_word' id='word_1_272' title='bbox 1325 4239 1385 4300; x_wconf 83' lang='lat' dir='ltr'>Sed</span> <span class='ocrx_word' id='word_1_273' title='bbox 1406 4239 1517 4313; x_wconf 83' lang='lat' dir='ltr'>procul</span> <span class='ocrx_word' id='word_1_274' title='bbox 1539 4239 1644 4299; x_wconf 86' lang='lat' dir='ltr'>dubio</span> 
     </span>
     <span class='ocr_line' id='line_1_38' title="bbox 355 4338 699 4416; baseline 0 -18"><span class='ocrx_word' id='word_1_275' title='bbox 355 4339 492 4416; x_wconf 78' lang='grc' dir='ltr'><strong><em>πρόσειμι</em></strong></span> <span class='ocrx_word' id='word_1_276' title='bbox 514 4338 699 4411; x_wconf 87' lang='lat' dir='ltr'>requiritur.</span> 
     </span>
    </p>

    <p class='ocr_par' dir='ltr' id='par_1_15' title="bbox 312 4439 1584 4518">
     <span class='ocr_line' id='line_1_39' title="bbox 312 4439 1584 4518; baseline 0.002 -18"><span class='ocrx_word' id='word_1_277' title='bbox 312 4441 364 4500; x_wconf 84' lang='lat' dir='ltr'>Fr.</span> <span class='ocrx_word' id='word_1_278' title='bbox 392 4441 464 4499; x_wconf 88' lang='grc'><strong>188.</strong></span> <span class='ocrx_word' id='word_1_279' title='bbox 489 4439 593 4498; x_wconf 88' lang='lat' dir='ltr'>Plinio</span> <span class='ocrx_word' id='word_1_280' title='bbox 618 4439 842 4500; x_wconf 87' lang='lat' dir='ltr'>calaboten</span> <span class='ocrx_word' id='word_1_281' title='bbox 867 4457 884 4499; x_wconf 89' lang='lat' dir='ltr'>e</span> <span class='ocrx_word' id='word_1_282' title='bbox 909 4441 1006 4502; x_wconf 86' lang='lat' dir='ltr'>Bekk.</span> <span class='ocrx_word' id='word_1_283' title='bbox 1032 4445 1094 4502; x_wconf 84' lang='lat' dir='ltr'>An.</span> <span class='ocrx_word' id='word_1_284' title='bbox 1118 4443 1225 4503; x_wconf 86' lang='lat' dir='ltr'>reddit</span> <span class='ocrx_word' id='word_1_285' title='bbox 1248 4443 1295 4502; x_wconf 87' lang='lat' dir='ltr'>Bi.</span> <span class='ocrx_word' id='word_1_286' title='bbox 1321 4459 1378 4518; x_wconf 92' lang='lat' dir='ltr'>pro</span> <span class='ocrx_word' id='word_1_287' title='bbox 1403 4443 1584 4503; x_wconf 89' lang='lat' dir='ltr'>coloten.</span> 
     </span>
    </p>

    <p class='ocr_par' dir='ltr' id='par_1_16' title="bbox 311 4537 1643 4720">
     <span class='ocr_line' id='line_1_40' title="bbox 311 4537 1643 4620; baseline 0.004 -21"><span class='ocrx_word' id='word_1_288' title='bbox 311 4542 361 4600; x_wconf 74' lang='lat' dir='ltr'>llr.</span> <span class='ocrx_word' id='word_1_289' title='bbox 389 4542 461 4615; x_wconf 80' lang='grc'><strong>195,</strong></span> <span class='ocrx_word' id='word_1_290' title='bbox 487 4541 516 4600; x_wconf 95' lang='grc'>2.</span> <span class='ocrx_word' id='word_1_291' title='bbox 540 4537 733 4615; x_wconf 75' lang='grc' dir='ltr'><strong><em>ἐνδεδυκότα,</em></strong></span> <span class='ocrx_word' id='word_1_292' title='bbox 753 4542 914 4603; x_wconf 89' lang='lat' dir='ltr'>nudum.</span> <span class='ocrx_word' id='word_1_293' title='bbox 936 4543 1129 4604; x_wconf 86' lang='lat' dir='ltr'>Incredibile</span> <span class='ocrx_word' id='word_1_294' title='bbox 1149 4548 1201 4604; x_wconf 89' lang='lat' dir='ltr'>est</span> <span class='ocrx_word' id='word_1_295' title='bbox 1221 4543 1269 4604; x_wconf 87' lang='lat' dir='ltr'>Bl.</span> <span class='ocrx_word' id='word_1_296' title='bbox 1291 4559 1469 4620; x_wconf 88' lang='lat' dir='ltr'>proponere</span> <span class='ocrx_word' id='word_1_297' title='bbox 1490 4545 1643 4619; x_wconf 86' lang='lat' dir='ltr'>potuisse</span> 
     </span>
     <span class='ocr_line' id='line_1_41' title="bbox 355 4639 598 4720; baseline 0.008 -22"><span class='ocrx_word' id='word_1_298' title='bbox 355 4639 598 4720; x_wconf 78' lang='lat' dir='ltr'>o&#39;rrrodsdpoeaoror!</span> 
     </span>
    </p>

    <p class='ocr_par' dir='ltr' id='par_1_17' title="bbox 309 4741 1641 4823">
     <span class='ocr_line' id='line_1_42' title="bbox 309 4741 1641 4823; baseline 0.008 -23"><span class='ocrx_word' id='word_1_299' title='bbox 309 4743 360 4804; x_wconf 81' lang='lat' dir='ltr'>Fr.</span> <span class='ocrx_word' id='word_1_300' title='bbox 387 4743 461 4819; x_wconf 91' lang='grc'><strong>201,</strong></span> <span class='ocrx_word' id='word_1_301' title='bbox 488 4745 517 4804; x_wconf 87' lang='lat'>3.</span> <span class='ocrx_word' id='word_1_302' title='bbox 541 4743 590 4802; x_wconf 91' lang='lat' dir='ltr'>Bl.</span> <span class='ocrx_word' id='word_1_303' title='bbox 618 4743 768 4821; x_wconf 78' lang='grc' dir='ltr'><strong><em>βροτοῖσιν</em></strong></span> <span class='ocrx_word' id='word_1_304' title='bbox 792 4741 864 4806; x_wconf 86' lang='grc' dir='ltr'><strong><em>ὁδόν</em></strong></span> <span class='ocrx_word' id='word_1_305' title='bbox 889 4747 975 4808; x_wconf 89' lang='lat' dir='ltr'>haud</span> <span class='ocrx_word' id='word_1_306' title='bbox 999 4763 1080 4809; x_wconf 86' lang='lat' dir='ltr'>sane</span> <span class='ocrx_word' id='word_1_307' title='bbox 1103 4749 1232 4809; x_wconf 86' lang='lat' dir='ltr'>felicius</span> <span class='ocrx_word' id='word_1_308' title='bbox 1255 4765 1353 4823; x_wconf 87' lang='lat' dir='ltr'>quarn</span> <span class='ocrx_word' id='word_1_309' title='bbox 1379 4748 1496 4822; x_wconf 88' lang='lat' dir='ltr'>reliqui</span> <span class='ocrx_word' id='word_1_310' title='bbox 1520 4749 1641 4812; x_wconf 88' lang='lat' dir='ltr'>critici.</span> 
     </span>
    </p>

    <p class='ocr_par' dir='ltr' id='par_1_18' title="bbox 312 4841 1641 5128">
     <span class='ocr_line' id='line_1_43' title="bbox 312 4841 1641 4926; baseline 0.008 -24"><span class='ocrx_word' id='word_1_311' title='bbox 312 4843 363 4904; x_wconf 82' lang='lat' dir='ltr'>Fr.</span> <span class='ocrx_word' id='word_1_312' title='bbox 389 4845 463 4920; x_wconf 83' lang='lat'>202,</span> <span class='ocrx_word' id='word_1_313' title='bbox 490 4847 519 4904; x_wconf 85' lang='lat'>4.</span> <span class='ocrx_word' id='word_1_314' title='bbox 546 4841 738 4920; x_wconf 79' lang='grc' dir='ltr'><strong><em>ἱδρυμένους,</em></strong></span> <span class='ocrx_word' id='word_1_315' title='bbox 761 4846 782 4906; x_wconf 92' lang='lat' dir='ltr'>i.</span> <span class='ocrx_word' id='word_1_316' title='bbox 803 4863 830 4908; x_wconf 89' lang='grc'><strong>6.</strong></span> <span class='ocrx_word' id='word_1_317' title='bbox 856 4863 926 4908; x_wconf 87' lang='lat' dir='ltr'>eos</span> <span class='ocrx_word' id='word_1_318' title='bbox 953 4850 1021 4922; x_wconf 91' lang='lat' dir='ltr'>qui</span> <span class='ocrx_word' id='word_1_319' title='bbox 1047 4848 1119 4909; x_wconf 94' lang='lat' dir='ltr'>deo</span> <span class='ocrx_word' id='word_1_320' title='bbox 1144 4865 1256 4910; x_wconf 86' lang='lat' dir='ltr'>aram</span> <span class='ocrx_word' id='word_1_321' title='bbox 1280 4853 1526 4926; x_wconf 84' lang='lat' dir='ltr'>sacrarunt,</span> <span class='ocrx_word' id='word_1_322' title='bbox 1548 4852 1641 4912; x_wconf 90' lang='lat' dir='ltr'>male</span> 
     </span>
     <span class='ocr_line' id='line_1_44' title="bbox 354 4945 1640 5028; baseline 0.006 -23"><span class='ocrx_word' id='word_1_323' title='bbox 354 4945 526 5007; x_wconf 90' lang='lat' dir='ltr'>sollicitari</span> <span class='ocrx_word' id='word_1_324' title='bbox 557 4946 671 5006; x_wconf 92' lang='lat' dir='ltr'>monui</span> <span class='ocrx_word' id='word_1_325' title='bbox 702 4947 798 5023; x_wconf 89' lang='lat' dir='ltr'>olim,</span> <span class='ocrx_word' id='word_1_326' title='bbox 822 4949 895 5010; x_wconf 91' lang='lat' dir='ltr'>coll.</span> <span class='ocrx_word' id='word_1_327' title='bbox 928 4950 1096 5010; x_wconf 88' lang='lat' dir='ltr'>Menandri</span> <span class='ocrx_word' id='word_1_328' title='bbox 1127 4951 1167 5011; x_wconf 85' lang='lat' dir='ltr'>ir.</span> <span class='ocrx_word' id='word_1_329' title='bbox 1194 4953 1269 5028; x_wconf 81' lang='lat'>537,</span> <span class='ocrx_word' id='word_1_330' title='bbox 1296 4955 1314 5012; x_wconf 84' lang='lat' dir='ltr'>b</span> <span class='ocrx_word' id='word_1_331' title='bbox 1340 4968 1387 5026; x_wconf 86' lang='lat' dir='ltr'>sq.</span> <span class='ocrx_word' id='word_1_332' title='bbox 1412 4952 1640 5013; x_wconf 81' lang='lat' dir='ltr'>Nihilominus</span> 
     </span>
     <span class='ocr_line' id='line_1_45' title="bbox 354 5046 1602 5128; baseline 0.003 -19"><span class='ocrx_word' id='word_1_333' title='bbox 354 5048 419 5123; x_wconf 87' lang='lat' dir='ltr'>Bl,</span> <span class='ocrx_word' id='word_1_334' title='bbox 444 5048 616 5122; x_wconf 73' lang='lat' dir='ltr'>antiquum</span> <span class='ocrx_word' id='word_1_335' title='bbox 637 5046 802 5124; x_wconf 86' lang='lat' dir='ltr'>obtinens,</span> <span class='ocrx_word' id='word_1_336' title='bbox 823 5052 977 5126; x_wconf 81' lang='lat' dir='ltr'>proponit</span> <span class='ocrx_word' id='word_1_337' title='bbox 993 5048 1190 5126; x_wconf 79' lang='grc' dir='ltr'><strong><em>ἱκνουμένους</em></strong></span> <span class='ocrx_word' id='word_1_338' title='bbox 1213 5053 1263 5112; x_wconf 81' lang='lat' dir='ltr'>vel</span> <span class='ocrx_word' id='word_1_339' title='bbox 1282 5053 1499 5128; x_wconf 81' lang='grc' dir='ltr'><strong><em>κακοδαίμονος</em></strong></span> <span class='ocrx_word' id='word_1_340' title='bbox 1521 5053 1602 5123; x_wconf 80' lang='lat' dir='ltr'>(sie).</span> 
     </span>
    </p>
   </div>
   <div class='ocr_carea' id='block_1_4' title="bbox 0 0 1864 5785">
    <p class='ocr_par' dir='ltr' id='par_1_19' title="bbox 0 0 1864 5785">
     <span class='ocr_line' id='line_1_46' title="bbox 0 0 1864 5785; baseline 0 0"><span class='ocrx_word' id='word_1_341' title='bbox 0 0 1864 5785; x_wconf 95' lang='lat' dir='ltr'> </span> 
     </span>
    </p>
   </div>
  </div>
 </body>
</html>
