3778 5796
892 491 933 552 31

250 675 305 736 Fr.
330 676 408 752 352,
440 677 468 736 1.
503 675 634 736 Revoca
660 676 804 737 formam
835 678 1056 752 antiquiorem
1087 677 1223 738 atticam
1256 677 1416 755 Σωκράτη,
1443 681 1575 739 etcum

299 776 458 840 bieinekio
484 776 556 852 lege
581 771 608 836 δ’
636 774 745 856 <ἕγὼ>
768 775 819 836 καλ
842 781 878 836 Σ.
913 779 979 840 Nec
1013 794 1096 840 sana
1130 781 1209 840 sunt
1239 780 1333 838 vs.3
1366 778 1466 840 verba
1488 802 1576 839 κατα-

297 884 405 958 φαγεῖν
427 877 501 957 ἔγοι,
523 894 580 953 pro
603 879 723 954 quibus
746 880 795 941 Bl.
821 880 904 942 coni.
929 875 978 939 σῖτ’
1005 877 1062 953 ἕξει
1086 885 1209 960 φαγεῖν,
1231 880 1352 941 melius
1374 897 1475 955 quarn
1496 879 1529 941 δέ
1549 878 1573 962 γ’

300 981 363 1052 (vel
386 1002 413 1040 τι
436 975 478 1053 δ’)
507 977 563 1054 ἕξει
591 986 791 1060 καταφαγεῖν,
820 998 898 1043 nam
930 984 1030 1044 verbo
1060 981 1244 1059 κατεσθίειν,
1274 984 1494 1060 devorare,
1520 985 1577 1044 vix

298 1084 389 1145 locus
419 1091 481 1145 est.
512 1084 553 1144 Et
584 1084 720 1145 verbum
752 1083 896 1160 simplex
927 1085 1026 1146 habet
1057 1085 1268 1162 Asclepiades
1299 1085 1400 1146 Arist.
1435 1087 1575 1162 Metaph.

301 1189 364 1248 603
389 1202 418 1247 a.
441 1188 477 1262 4,
512 1187 569 1260 qui
599 1187 715 1248 scribit
744 1185 844 1246 πόθεν
876 1183 908 1247 δὲ
938 1187 1055 1270 φάγῃ,
1082 1187 1191 1248 τούτου
1222 1184 1422 1265 receperam
1454 1189 1577 1264 optime

299 1289 506 1349 coniunctivo
537 1304 617 1348 usus
645 1304 703 1364 pro
727 1289 876 1364 optativo
900 1285 974 1367 ἔχοι,
996 1289 1082 1350 unde
1106 1291 1299 1364 sequeretur
1322 1289 1489 1350 Socratem
1513 1307 1578 1352 non

300 1389 442 1466 amplius
471 1389 574 1450 fuisse
605 1391 638 1450 in
669 1391 766 1451 vivis.
797 1391 882 1451 Hinc
910 1392 1063 1452 omnibus
1087 1391 1169 1453 bene
1192 1391 1363 1468 perpensis
1386 1392 1576 1453 crediderim

300 1492 490 1568 Eupolidem
515 1491 662 1552 dedisse:
688 1485 804 1551 ὁττόθεν
827 1486 860 1550 δὲ
884 1489 946 1550 καὶ
972 1496 1116 1570 φαγεῖν
1140 1489 1220 1574 ἔχῃ,
1242 1491 1349 1552 τούτου
1369 1491 1579 1570 κατημέληκεν.

301 1592 347 1654 ul.
372 1594 474 1654 etiam
497 1593 546 1654 Bl.
571 1595 604 1652 in
630 1593 727 1655 Add.
752 1609 782 1669 p.
809 1595 883 1656 295.
1405 1639 1408 1646 .

254 1696 307 1755 Fr.
331 1696 407 1756 354.
431 1696 517 1758 Ante
540 1695 588 1755 Bl.
612 1695 737 1756 contuli
759 1695 845 1756 Eccl.
871 1697 935 1757 623
959 1698 993 1756 et
1014 1698 1186 1772 praeterea
1216 1697 1289 1757 Pac.
1318 1697 1416 1774 1233,
1440 1712 1579 1759 monens

300 1797 353 1872 agi
387 1797 426 1858 de
461 1795 639 1858 mulierum
673 1795 818 1857 libidine.
855 1795 993 1857 Temere
1024 1788 1114 1874 ηὗρες
1144 1812 1203 1872 pro
1234 1795 1345 1876 εόροις,
1375 1799 1461 1872 quod
1484 1799 1579 1874 longe

301 1901 463 1976 praestat,
488 1897 538 1959 Bi.

255 2000 308 2060 Fr.
332 2002 408 2062 366.
439 1998 580 2071 πολλάκις
610 2016 668 2076 pro
702 1998 797 2060 νιολλό
827 1993 850 2079 γ’
884 1996 917 2058 ἐν
950 1997 1134 2061 incredibili
1168 1999 1304 2061 levitate
1338 2000 1505 2075 Blaydesu
1531 2003 1579 2062 lbi

301 2103 413 2164 Nauck
440 2102 495 2164 cit.
520 2101 652 2176 Gregor.
677 2102 756 2162 Nez.
780 2118 811 2178 p.
837 2103 901 2162 243
926 2101 950 2163 Ο
973 2093 1098 2180 ἧττολλᾶ
1117 2099 1213 2162 πολλὰ
1231 2102 1343 2182 γίνεται
1361 2113 1464 2186 μακρῷ
1483 2103 1580 2188 χρόνῳ

301 2205 418 2284 βροτοῖς
441 2206 475 2264 et
497 2206 611 2264 monet
634 2202 832 2264 bleinehium
855 2204 918 2264 hoc
944 2205 983 2265 ir.
1007 2205 1157 2265 tentasse
1181 2204 1221 2264 ad
1244 2204 1332 2265 Stob.
1357 2205 1427 2266 tior.
1450 2205 1581 2267 votiv

304 2321 333 2378 p.
357 2305 444 2366 XIV.

258 2407 311 2467 ur.
337 2406 414 2484 357,
440 2409 470 2468 5.
839 2405 921 2466 πάνυ
946 2404 1060 2468 δοκεῖ
1078 2413 1176 2478 κακῶς
1199 2411 1337 2484 φρονεῖν,

434 2509 573 2585 μαίνεταί
593 2531 623 2570 τε
646 2507 697 2568 καὶ
720 2513 918 2588 παραρρεῖ
932 2517 990 2569 τῶν
1014 2517 1135 2588 φρενῶν
1158 2519 1205 2591 τῷ
1229 2519 1277 2592 σῷ
1301 2508 1408 2595 λόγῳ.

302 2611 378 2671 Iure
409 2610 555 2672 offensus
584 2611 747 2688 singulari
778 2621 817 2694 ιφ
848 2621 890 2694 σῷ
920 2613 996 2687 post
1025 2609 1119 2690 λέγετε
1143 2611 1177 2672 in
1200 2613 1404 2687 praegressis
1427 2616 1460 2673 et
1483 2614 1583 2675 verbo

301 2717 460 2790 παραρρεῖ,
489 2713 582 2775 Koch
612 2716 708 2775 acute
731 2729 812 2774 sane
843 2713 983 2776 coniecit
1004 2717 1149 2790 ταριαρεῖ
1167 2716 1200 2774 et
1223 2709 1239 2773 ὁ
1269 2721 1327 2784 σῶς
1347 2712 1448 2794 λόγος,
1469 2731 1579 2790 quem·

303 2814 481 2875 admodum
515 2817 628 2876 tamen
658 2810 769 2892 ssana
807 2816 917 2876 ratio
946 2831 1004 2890 pro
1036 2811 1051 2874 ό
1083 2810 1176 2891 ὀρθὸς
1217 2813 1304 2893 λόγος
1334 2829 1415 2876 nurn
1459 2816 1581 2879 Graece

302 2920 389 2978 recte
423 2917 551 2978 dicatur
581 2918 688 2978 adhuc
719 2917 841 2979 dubito.
877 2918 940 2978 Sed
969 2918 1033 2977 nisi
1065 2918 1211 2977 vestro
1242 2916 1403 2977 iudicio
1430 2918 1581 2980 simileve

302 3019 378 3094 quid
397 3021 485 3080 hunc
504 3035 638 3080 versum
655 3018 778 3096 finivit,
799 3019 1017 3080 manifestum
1040 3033 1114 3079 esse
1134 3016 1272 3078 arbitror
1291 3021 1366 3092 post
1385 3017 1470 3078 δοκεῖ
1483 3029 1582 3092 κακῶς

301 3125 425 3197 φρονεῖν
457 3121 515 3181 vix
548 3123 636 3182 recte
670 3121 763 3195 sequi
797 3121 1019 3196 categoricum
1043 3118 1178 3196 μαίνεται
1200 3115 1274 3194 κτλ,
1301 3119 1412 3194 itaque
1436 3122 1488 3182 cui
1511 3137 1580 3197 per-

302 3223 444 3282 suaserit
465 3222 570 3298 Koch,
595 3223 671 3283 huic
694 3222 794 3282 simul
815 3221 1044 3296 corrigendum
1065 3235 1139 3281 esse
1163 3219 1289 3279 donov
1312 3236 1369 3295 pro
1389 3220 1478 3280 δοκεῖ.
1498 3223 1579 3298 Ego,

299 3323 453 3397 quamvis
484 3324 659 3400 plaudente
689 3324 877 3400 Blaydesio,
918 3322 1093 3384 subdubito
1124 3336 1204 3382 num
1225 3321 1264 3382 Κ.
1292 3323 1401 3384 locum
1428 3338 1580 3398 persana·

302 3424 399 3499 verit,
436 3426 469 3485 et
504 3441 618 3486 vereor
647 3440 688 3486 ne
718 3425 778 3486 sub
808 3424 916 3485 verbis
946 3433 985 3505 τῷ
1017 3433 1058 3506 σῷ
1082 3420 1158 3506 λόγῳ
1183 3423 1272 3483 aliud
1297 3424 1373 3497 quid
1398 3424 1579 3487 delitescat.

303 3525 424 3587 Contra
456 3527 630 3602 Biaydesio
665 3527 773 3589 tuenti
804 3525 865 3603 (vs.
891 3527 921 3594 3)
953 3525 1153 3587 tralaticium
1185 3539 1329 3585 errorem
1353 3523 1501 3601 μαθόντες
1523 3542 1581 3602 pro

302 3627 452 3701 παθόντες
482 3644 548 3690 non
577 3629 752 3704 assentior,
781 3643 842 3688 nec
864 3627 973 3702 magis
997 3625 1170 3688 conicienti
1193 3625 1232 3685 ir.
1258 3626 1322 3686 360
1346 3625 1455 3701 πρίνου
1475 3620 1502 3698 ’ξ
1524 3643 1582 3703 pro

303 3730 425 3810 νιρῖνης,
454 3731 540 3808 quod
569 3731 788 3806 Theophrasti
817 3729 888 3791 loco
920 3730 1044 3804 optime
1075 3726 1221 3788 defendit
1249 3726 1354 3802 Koch,
1379 3743 1440 3788 nec
1461 3728 1583 3790 ibidem

304 3826 417 3908 όμόξας
446 3848 504 3912 pro
534 3829 686 3910 γόμφους,
714 3831 832 3906 quibus
855 3845 937 3905 opus
961 3834 1013 3890 est
1035 3830 1162 3904 lignum
1187 3827 1417 3904 durissimum,
1442 3830 1582 3904 nequid

304 3933 410 3994 dicam
439 3933 478 3994 de
510 3933 705 3993 mutationis
736 3931 903 3992 violentia.
933 3964 970 3974 —
995 3929 1051 3991 Vs.
1078 3931 1108 3990 7.
1137 3928 1216 3989 Post
1238 3927 1355 4000 πάντας
1378 3931 1466 3989 recte
1490 3929 1581 3990 colon

304 4049 361 4110 pro
383 4035 504 4110 puncto
528 4034 604 4108 poni
629 4033 720 4093 iubet
744 4033 842 4093 idern.

260 4135 311 4196 Fr.
337 4137 411 4196 364.
435 4135 560 4195 Versus
583 4134 647 4194 fuit

546 4231 659 4314 ἄγαμαι
682 4229 832 4312 κεραμέως
855 4233 990 4304 αἴθωνος
1015 4230 1277 4309 ἐστεφανωμένου,

304 4337 372 4398 scil.
393 4335 579 4412 Hyperboli.
610 4337 659 4396 An
680 4351 722 4395 ex
738 4335 996 4395 hiericunte?
1019 4335 1177 4394 Restituit
1196 4333 1287 4394 Oohn
1307 4334 1388 4396 llius.
1409 4336 1514 4398 Rhen.
1528 4339 1581 4414 43,

305 4454 334 4515 p.
348 4440 412 4500 415
431 4454 450 4501 α
468 4439 655 4500 Philetaero
673 4438 747 4498 Vat.
761 4437 815 4497 ubi
828 4436 950 4512 legitur
962 4433 1077 4514 όγαμαί
1086 4451 1118 4494 σε
1130 4432 1181 4494 καὶ
1193 4432 1308 4514 όγαμαλ
1318 4453 1381 4496 σου·
1394 4435 1427 4496 τὸ
1439 4434 1493 4514 μὲν
1505 4429 1582 4516 ἦθος

305 4536 360 4617 ἔχει
379 4537 429 4598 καὶ
447 4539 618 4618 εἰρωνείαν,
637 4537 669 4598 τὸ
690 4535 805 4616 ἄγαμαί
815 4553 879 4598 σου.
900 4534 1035 4609 Εὔπολις
1055 4533 1167 4616 ἄγαμαι
1189 4535 1363 4614 κεράμου
1387 4542 1582 4610 (correctum

305 4639 453 4716 κεραμέως
481 4656 498 4701 θ
525 4641 581 4702 ΒΑ
611 4641 686 4716 385,
712 4641 742 4710 2)
774 4639 838 4699 aio.
862 4637 917 4699 ἐστ.
947 4639 993 4700 Ol.
1020 4639 1098 4700 Hes.
1123 4637 1328 4714 κεραμεύς·
1351 4636 1367 4699 ὁ
1390 4641 1583 4722 λυχνονργός.

305 4737 445 4818 Blaydes
456 4743 510 4803 cit·
524 4742 646 4816 Phryn.
667 4743 717 4804 10.
732 4742 785 4802 Ar.
800 4741 880 4802 hob.
894 4742 970 4802 489.
984 4741 1046 4803 nv.
1063 4741 1158 4800 1744.
1174 4771 1213 4782 -
1229 4739 1288 4816 Qui
1307 4741 1347 4801 ad
1367 4741 1406 4802 ir.
1420 4744 1485 4804 366
1498 4743 1583 4820 apud

304 4845 512 4904 Athenaeum
543 4847 669 4904 temere
700 4839 996 4922 κατασεσιγασμένων
1027 4847 1083 4913 (αα.
1115 4839 1227 4918 νόμον)
1252 4840 1381 4917 refingit
1404 4843 1438 4904 in
1462 4863 1583 4905 κατασε-

303 4941 479 5022 σιγασμένα,
503 4959 567 5005 non
592 4946 751 5020 reputans
775 4945 975 5005 contrarium
1001 4958 1145 5005 errorem
1167 4946 1298 5019 propter
1322 4947 1437 5005 notum
1456 4961 1584 5008 morem

303 5044 510 5107 librariorum
534 5045 789 5106 terminationes
812 5045 852 5106 ad
871 5046 1022 5121 proxima
1041 5045 1365 5106 accommodantium
1386 5048 1492 5108 multo
1511 5062 1584 5109 esee
