3718 5788
883 423 943 482 184

288 614 321 661 et
345 603 436 676 μυσί
457 605 513 665 rid
537 619 597 675 su.»
629 604 750 661 rectius
780 607 883 678 ponat
910 605 1048 677 signum
1072 602 1302 676 interrogandi
1326 615 1435 661 necne
1460 598 1600 659 difficile

288 705 377 762 dictu
407 715 469 762 est.
501 704 646 776 [traque
676 707 767 763 enim
798 704 1054 779 interpungendi
1086 703 1186 776 ratio,
1211 704 1284 762 sire
1308 699 1519 762 exclamatio
1544 703 1599 760 est

287 806 358 862 sire
382 805 624 877 iatrgnabunda
647 807 818 878 quaestio,
843 822 948 878 aeone
971 807 1063 864 recte
1086 819 1122 864 se
1147 804 1270 864 habere
1294 803 1443 864 videtur.

246 949 455 1033 Apollodori
478 946 580 1016 Geloi
608 953 647 1011 ir.
675 955 703 1012 l.
739 954 911 1014 Traditum
944 953 1028 1012 τουτί
1058 954 1209 1027 praefero
1242 953 1471 1028 Blaydesiano
1497 962 1597 1012 rouro.

292 1054 339 1112 Ad
364 1055 402 1112 ir.
428 1055 458 1117 3.
484 1055 502 1111 2
527 1055 616 1112 idem
640 1055 696 1112 cit
722 1055 892 1115 Menandri
918 1056 957 1115 ir.
983 1056 1061 1114 977.

248 1201 457 1285 Apollodori
479 1201 638 1283 Carystii
660 1203 699 1262 tr.
724 1211 744 1262 4

954 1303 1009 1380 τὴν
1035 1301 1221 1379 ἐπωμίδα

546 1407 693 1476 πτύξας
718 1405 829 1480 διπλῆν
853 1403 977 1464 ἄνωθεν
1003 1403 1274 1483 ἕνεκυμβωσάμην.

293 1509 373 1580 Quia
396 1505 504 1576 irati,-
529 1516 600 1566 erat
626 1507 817 1578 mulierum,
844 1507 987 1579 Blaydes
1011 1509 1159 1581 praefert
1184 1524 1214 1568 r.
1236 1508 1257 1568 1.
1282 1511 1484 1584 πτύξασα,
1508 1525 1596 1582 quae

292 1622 402 1668 tamen
424 1611 570 1667 numeris
589 1624 704 1682 parum
725 1609 988 1666 coarmcndatur.
1009 1607 1250 1682 corrigendum
1271 1611 1385 1683 potius
1405 1607 1598 1686 ἐξωμίδα,

291 1723 405 1769 notum
428 1724 599 1767 serrorum
621 1709 871 1767 vestimentum.
893 1708 938 1768 De
960 1710 1070 1768 verbis
1091 1711 1289 1786 κυμβυῦσθαι
1310 1708 1597 1789 θθέγκυμβοῦσθαι

292 1811 482 1871 consulatur
505 1810 602 1883 Angli
625 1807 730 1868 critici
754 1808 938 1868 adnotatio.

251 1917 300 1976 Fr.
326 1917 355 1974 ὂ,
372 1914 423 1970 23.
448 1911 516 1980 τοὺς
537 1910 591 1984 τὴν
611 1909 750 1984 ρᾄανον
775 1913 952 1980 πωλοῦντας
975 1907 1092 1980 ἕψειν
1119 1908 1297 1988 Μεγαρέων.
1319 1912 1473 1974 Meineke
1492 1915 1596 1974 inler-

292 2027 438 2093 pre1atar
475 2015 676 2085 ,brasstcam
717 2013 770 2084 qui
809 2012 963 2071 venalem
999 2013 1179 2086 adportent
1215 2014 1431 2087 Megarenses
1468 2017 1597 2076 melius

295 2122 383 2194 ipsos
406 2131 480 2176 eam
503 2129 682 2186 coquere
707 2120 744 2171 et
771 2113 896 2171 vesci.
922 2113 974 2172 lta
995 2129 1073 2173 vero
1093 2113 1216 2175 saltem
1241 2112 1411 2188 ἕψεσθαι
1435 2123 1594 2192 expecta·

295 2233 386 2282 retur
408 2222 465 2278 aut
488 2213 636 2281 ἔσθειν,
658 2214 769 2272 addito
793 2215 1007 2286 potissimum
1031 2213 1159 2290 αὐτούς,
1183 2215 1313 2291 ipsos.
1345 2217 1453 2291 Quare
1478 2218 1595 2278 locum

296 2337 414 2384 sanum
435 2335 498 2380 non
516 2333 589 2378 esse
609 2317 711 2375 babeo
732 2315 1042 2390 persuasissimum,
1063 2330 1126 2376 nec
1144 2321 1260 2377 tamen
1280 2333 1420 2378 sanasse
1436 2319 1595 2380 Grotium

298 2425 433 2486 ἐλθεῖν
471 2415 679 2496 Μεγαρέας
716 2419 773 2474 aut
807 2415 1022 2487 Blaydesiurn
1055 2413 1193 2476 ἐλθεῖν
1226 2419 1445 2497 Μεγαράδε
1476 2437 1595 2496 propo·

299 2536 424 2589 nentes.
457 2524 518 2582 l'in
548 2521 636 2580 aliud
667 2519 799 2577 dederat
825 2517 1045 2590 Apollodorus
1073 2533 1174 2591 quam
1200 2517 1332 2597 ἔρρειν
1358 2519 1596 2600 Μεγαρέων,

300 2633 337 2690 ln
370 2628 493 2688 malam
523 2638 593 2683 rem
625 2622 787 2680 lacessere
817 2628 912 2692 poeta
936 2619 1027 2678 iubet
1050 2620 1296 2694 Megarensium
1321 2623 1457 2682 institas
1480 2623 1596 2684 forum

301 2733 501 2794 Atheniense
533 2725 691 2796 brassica,
723 2719 886 2779 vilissimo
915 2719 1016 2794 olere,
1041 2720 1073 2778 in
1099 2721 1162 2780 bac
1185 2737 1286 2794 quam
1310 2723 1375 2782 sibi
1400 2723 1496 2799 fingit
1522 2727 1597 2787 vita

303 2836 473 2897 luxuriosa
496 2834 682 2890 onerantes.

259 2944 308 3002 Fr.
338 2942 386 2998 15.
420 2935 525 2994 l'erlu
548 2945 680 3006 prorsus
704 2926 876 2998 desperata
900 2924 1025 2984 frustra
1048 2927 1257 2999 temptarunt
1275 2925 1357 2986 Ellis
1382 2931 1416 2987 et
1435 2929 1596 3002 Blaydes.

302 3044 349 3102 Tu
375 3039 458 3113 quod
484 3036 575 3095 rides
599 3031 737 3107 perisse,
762 3027 926 3101 perditum
950 3026 1066 3086 ducas!

261 3148 311 3207 Fr.
339 3143 388 3203 18.
414 3137 585 3213 Proposuit
611 3131 789 3192 Headlam:

1040 3227 1091 3288 τὸν
1117 3229 1225 3305 λύκον,

555 3337 612 3398 (τὸ
636 3335 673 3410 δὴ
697 3333 856 3412 λεγόμενον
881 3339 995 3390 rostro>
1023 3341 1081 3389 τὼν
1104 3329 1189 3389 ὤτων
1213 3329 1283 3408 ἔχω,

547 3441 614 3504 oure
638 3435 768 3514 κατέχειν
797 3431 881 3512 <ruo
906 3433 1069 3496 durator>
1097 3427 1155 3491 οὔτ’
1184 3430 1315 3506 ἀφιέναι.

306 3553 357 3614 vel
388 3551 549 3624 (δύναμαι
584 3543 683 3624 γάρ),
716 3541 749 3599 in
782 3537 909 3597 ultimis
939 3551 1019 3595 sane
1051 3535 1184 3610 propius
1214 3535 1254 3595 ad
1286 3537 1389 3597 verba
1422 3541 1596 3601 traditae

306 3654 518 3731 scriptoribus
559 3661 656 3722 qrram
695 3657 777 3715 quae
812 3641 966 3699 suaserat
1001 3633 1107 3712 Koch,
1144 3651 1285 3710 quocum
1320 3642 1436 3700 tamen
1473 3642 1595 3702 malim

307 3761 414 3836 priora
437 3758 484 3816 sic
507 3755 626 3828 legere,
653 3749 689 3804 ut
713 3743 810 3802 habet
835 3741 1083 3801 Aristaenetus:

551 3853 602 3912 τὸν
626 3847 681 3928 γὰρ
704 3846 797 3905 λύκον
821 3866 899 3918 πως,
922 3841 1011 3916 φασί,
1035 3850 1093 3900 τῶν
1117 3839 1200 3900 ὤτων
1224 3839 1294 3919 ἔχω,

308 3964 424 4023 deinde
454 3975 532 4020 vero
563 3971 604 4016 ex
628 3951 733 4011 altera
756 3945 929 4007 Headlami
952 3947 1140 4004 coniectura
1163 3947 1253 4012 (nam
1276 3941 1410 4018 δύναμαι
1435 3961 1479 4004 ex
1504 3946 1593 4022 ipso,

309 4067 434 4125 utiam
460 4059 604 4121 lieiuelre
627 4049 876 4122 animadvertit,
901 4047 1097 4120 Apollodoro
1121 4045 1220 4105 habet
1242 4044 1419 4114 Donatusl:

554 4157 620 4220 οὔτε
643 4150 775 4230 κατέχειν
798 4151 931 4225 δύναμαι
960 4147 1089 4226 <γάρ>,
1113 4141 1170 4206 οὔτ’
1197 4143 1328 4220 ἀφιέναι.

267 4274 316 4332 Fr.
345 4271 394 4329 19.
420 4268 488 4326 Non
513 4263 599 4324 male
622 4259 670 4319 Bi.
695 4255 786 4331 μόνος
810 4253 896 4330 nitor
927 4249 1040 4330 (γὰρ)
1069 4249 1159 4325 φίλον
1183 4246 1332 4308 ἐπίσταται
1356 4251 1464 4322 φιλεῖν.

268 4376 318 4434 Fr.
344 4374 395 4431 23.
421 4367 596 4438 Headlam,
622 4360 694 4422 coll.
719 4357 800 4418 Nub.
829 4357 929 4415 1481:

492 4465 595 4544 <apog
618 4471 734 4522 rubro>
763 4459 870 4535 μυρίας
898 4468 962 4532 (με
986 4452 1285 4533 γραψάσθω>δίκας.

310 4576 397 4651 quali
421 4571 532 4632 versui
554 4568 678 4644 optime
702 4563 878 4638 respondet
902 4559 1100 4620 Terentiana
1124 4558 1248 4617 versio:

491 4671 716 4734 sescentas
741 4664 915 4741 proinde
940 4661 1119 4721 scribito
1144 4661 1223 4719 iam
1247 4656 1348 4716 mihi
1377 4657 1505 4720 dicas.

315 4780 403 4857 Quod
433 4777 536 4854 perite
564 4772 747 4834 coniectum
771 4769 835 4842 est,
861 4765 1016 4839 quoniam
1044 4762 1205 4821 Graecum
1228 4756 1302 4838 πρὸς
1325 4764 1411 4816 τοῦτο
1436 4765 1595 4823 accurate

313 4881 488 4958 respondet
511 4877 627 4938 Latino
651 4869 842 4946 proinde,
868 4883 928 4929 nec
951 4864 1220 4941 praeferendum:

563 4971 781 5053 (προσληξάτω
806 4985 889 5028 vav>
920 4965 1028 5047 μυρίας
1052 4963 1136 5035 δίκας
1163 4961 1298 5041 duob.
