3778 5796
892 515 932 574 13

293 701 455 764 ΗΡΩΟΙΝ
489 706 567 765 ante
589 702 752 764 Koelrium
776 703 860 764 vidit
882 703 1087 765 Volekmann
1110 703 1150 764 de
1174 704 1293 765 Suidae
1315 705 1417 780 biogr.
1441 707 1573 782 Quaest.

292 804 350 866 sel.
375 806 509 866 Bonnae
536 805 634 879 1861,
659 821 690 880 p.
715 806 768 866 40.
794 805 920 866 Monuit
938 804 1060 865 Nauelr.

248 905 299 966 Fr.
326 908 379 966 26.
403 907 452 968 Β1.
477 905 609 982 supplet
631 900 696 964 τάδ’
723 893 809 964 ἐστιν.

246 1008 297 1069 Fr.
322 1008 375 1083 27,
403 1012 431 1069 1.
466 1008 693 1070 Incertissima
715 1008 892 1069 restitutio.
916 1008 994 1070 Tria
1016 1011 1124 1069 tentat
1147 1008 1196 1070 Β1.
1220 1025 1293 1085 pag.
1321 1011 1372 1072 11.
1397 1045 1436 1054 -
1461 1010 1517 1072 Vs.
1550 1013 1569 1074 2

291 1110 407 1170 malim
439 1107 488 1168 εἰσί
517 1115 601 1170 νοῑν
631 1107 839 1188 κοχώναιν.
878 1110 1065 1171 Articulum
1095 1110 1209 1186 utique
1239 1113 1464 1173 necessarium
1496 1128 1570 1175 esse

291 1226 356 1272 non
378 1212 545 1274 intellexit
567 1210 673 1285 Koelr,
698 1207 877 1288 καθειμένοι
902 1211 989 1272 male
1012 1211 1170 1273 sollicitat
1193 1212 1242 1272 Β1.

246 1311 296 1372 Fr.
321 1313 374 1387 29,
399 1314 429 1373 2.
461 1313 591 1389 κύμασιν
619 1313 697 1372 olim
721 1313 839 1373 tuebar
862 1326 881 1372 a
905 1313 1060 1388 Madvigii
1084 1313 1274 1374 coniectura
1295 1313 1461 1390 καύμασιν,
1483 1315 1574 1390 quod.

288 1413 487 1475 flammas
516 1412 701 1490 significare
727 1429 792 1474 non
814 1429 912 1489 posse
935 1413 1042 1474 sensit
1064 1416 1166 1476 etiam
1190 1415 1253 1491 Β1.,
1278 1415 1334 1492 qui
1356 1415 1428 1476 iure
1449 1415 1567 1491 impro-

289 1515 345 1576 bat
367 1515 483 1576 Koolrii
506 1517 589 1577 coni.
615 1516 648 1576 in
673 1531 722 1575 vs.
750 1517 778 1576 1.

244 1617 294 1677 Fr.
319 1618 372 1677 33.
395 1617 562 1678 Admissis
581 1618 718 1678 Porsoni
738 1619 772 1676 et
784 1609 968 1677 casauboni
987 1617 1244 1679 correctionibus
1262 1619 1311 1678 sie
1322 1619 1566 1680 constituerim:

510 1721 706 1794 ποιμανεῖ
725 1721 793 1793 (pro
816 1716 979 1793 ποιμαίνει)
1003 1711 1031 1776 δ’
1058 1715 1188 1778 ἐκίσινον

510 1811 625 1898 ριγῶνί
652 1815 684 1878 ἐν
708 1818 903 1898 Μεγαβύζου.

512 1914 610 1994 [δέξετ’
636 1917 761 1992 (δέξεταί
780 1913 802 1980 ν’
827 1920 930 1991 PorS.)
954 1917 1002 1979 ίιιί
1025 1925 1124 2003 μισθῷ

509 2026 591 2082 σῖκον
615 2025 684 2096 (pro
707 2025 785 2092 σῖτος
810 2020 907 2094 cast]

284 2122 401 2183 deletis
432 2123 571 2198 ultimis,
603 2139 686 2198 quae
716 2138 757 2184 ex
789 2125 1061 2198 interpretatione
1091 2123 1229 2186 fluxisse
1258 2125 1343 2187 mibi
1369 2141 1564 2202 persuasum

285 2229 346 2285 est.
372 2224 447 2286 Alia
469 2226 611 2286 tentavit
635 2226 683 2286 Β1.

241 2325 293 2385 Fr.
318 2325 370 2386 37.
396 2323 426 2398 ἕξ
450 2323 519 2388 ὄνου
541 2325 545 2406 Ι
566 2319 665 2405 ἦλθον
689 2329 746 2388 aut
771 2324 800 2398 ἐξ
825 2323 893 2386 ὅσον
917 2320 944 2388 d'
972 2331 1025 2398 (an
1049 2322 1107 2398 r’?)
1131 2319 1229 2406 ἦλθον
1252 2330 1301 2390 Β1.

240 2426 292 2486 Fr.
317 2428 370 2487 40.
396 2427 534 2489 Dobrsei
558 2429 747 2490 coniectura
769 2427 966 2503 probabilior
988 2444 1087 2504 quam
1112 2430 1326 2492 Meinelriana.

240 2527 292 2588 Fr.
316 2530 368 2589 50.
400 2530 533 2590 Rectius
564 2531 656 2592 Koolr
686 2539 817 2613 μεμνηνο
849 2546 948 2605 quarn
973 2531 1021 2591 Β1.
1049 2541 1198 2614 μεμνῷιο,
1223 2533 1279 2606 qui
1301 2528 1429 2594 fallitur
1451 2533 1563 2596 dioens

285 2628 442 2691 Cobetum
477 2632 561 2692 Xen.
593 2630 697 2693 Anab.
729 2632 798 2707 17,
831 2635 849 2693 5
893 2632 1039 2694 voluisse
1067 2643 1195 2718 μεμνμο.
1230 2634 1329 2697 dobet
1363 2651 1421 2711 per
1454 2639 1561 2698 totam

283 2731 694 2816 11111111180111111μεμνῄμην
716 2738 794 2810 σω,
818 2737 856 2794 tit
877 2731 1036 2818 κεκτῄμην,
1058 2732 1222 2818 κεκίῄμην,
1245 2733 1399 2819 καθήμην,
1420 2738 1558 2798 atticum

283 2847 357 2893 esse
379 2833 500 2895 docuit.

240 3031 469 3104 Phereeratis
492 3039 531 3099 lr.
560 3040 588 3115 1,
613 3040 633 3099 3

547 3136 587 3212 ὡς
610 3134 772 3220 ὀλιγόσιτος
794 3129 863 3218 ἧσθ’
890 3134 947 3218 ἄρ’,
968 3133 1002 3211 ὃς
1025 3139 1192 3213 κατεσθίεις

539 3249 591 3318 τῆς
613 3237 725 3320 ἡμέρας
748 3249 898 3320 μακρᾶς
921 3239 1110 3320 τριήρους
1133 3241 1219 3302 σινί.

282 3340 362 3417 Quia
381 3353 496 3421 μακρᾶς
515 3359 620 3420 neque
639 3360 714 3405 cum
734 3339 845 3422 ἡμέρας
872 3359 976 3418 neque
996 3358 1072 3404 oum
1092 3342 1230 3423 τριήρους
1250 3347 1326 3420 apte
1339 3346 1493 3422 coniungi
1505 3363 1557 3423 po·

281 3446 361 3520 teet,
382 3446 552 3506 tentabam
573 3453 730 3523 μικροῦ,
752 3446 772 3506 i.
786 3460 814 3506 e.
834 3459 975 3520 paene.
993 3445 1114 3505 Postea
1127 3461 1203 3506 vero
1215 3445 1369 3506 dubitans
1382 3462 1462 3507 num
1475 3450 1559 3509 satis

279 3549 367 3608 reete
386 3547 463 3606 σιτία
482 3548 543 3608 boe
561 3562 663 3608 sensu
682 3549 795 3608 eareat
812 3546 950 3607 articulo
971 3546 1148 3622 malebam,
1167 3546 1252 3622 quod
1264 3548 1423 3622 hodieque
1434 3549 1555 3626 placet,

501 3655 552 3725 τῆς
575 3642 687 3724 ἡμέρας
709 3646 805 3720 νεὼς
828 3655 980 3725 μακρᾶς
1003 3645 1045 3706 τὰ
1066 3646 1152 3707 σιτία.

278 3751 316 3810 ut
333 3751 594 3826 superscriptum
614 3751 782 3826 glossema
800 3746 938 3828 τριήρους
956 3749 991 3808 in
1010 3752 1142 3810 textum
1161 3763 1197 3810 se
1212 3749 1400 3811 insinuasse
1411 3753 1556 3826 putetur.

235 3851 287 3913 Fr.
311 3853 342 3914 7.
366 3846 426 3912 ἀλλ’
452 3851 508 3913 σιἰκ
531 3845 623 3913 σίσθα
646 3853 693 3913 σύ.
717 3852 766 3913 Β1.
790 3852 846 3913 eit.
871 3851 969 3928 Vesp.
998 3853 1059 3912 193
1084 3855 1118 3912 et
1141 3851 1215 3912 itur.
1240 3851 1279 3916 ir.
1305 3853 1380 3927 257,
1406 3855 1436 3913 4.

234 3955 286 4016 Fr.
311 3956 341 4016 9.
366 3955 415 4016 Β1.
439 3970 497 4031 pro
520 3952 647 4031 κυάμοις
670 3954 753 4015 coni.
776 3947 863 4035 κονίᾳ
886 3968 962 4014 eum
987 3954 1108 4014 vitiosa
1130 3954 1300 4029 anapaesti
1323 3954 1492 4015 incisione.

234 4056 285 4117 11.
313 4058 363 4132 10,
389 4059 420 4118 4.
452 4063 659 4135 κερνογονσον
689 4058 765 4130 post
793 4069 847 4115 me
876 4069 934 4129 pro
963 4057 1178 4133 θιγγανουσῶν
1205 4054 1288 4115 coni.
1312 4054 1414 4116 Koek.
1442 4055 1555 4117 Lenio-

276 4173 348 4218 rem
373 4174 449 4220 vero
483 4161 621 4234 expecto
651 4156 932 4232 emendationem,
974 4169 1035 4216 neo
1069 4158 1183 4217 tamen
1215 4158 1437 4234 θμνγονωσον,
1469 4156 1555 4231 quod

278 4259 357 4321 olim
381 4260 413 4321 in
438 4264 586 4321 mentem
610 4258 715 4333 venit,
740 4256 823 4317 satis
846 4258 971 4332 aptum.

232 4361 283 4422 Fr.
312 4364 361 4422 11.
385 4360 550 4423 correctio
573 4362 709 4421 ineerta.
729 4358 941 4419 Tentabamz.

365 4455 449 4539 υίμαι
471 4457 498 4522 δ’
525 4460 618 4522 αὐτὸν
639 4459 828 4520 κινδυνεύειν
851 4457 892 4530 είς
916 4456 970 4536 νην
994 4457 1150 4538 Αἴγυπτον
1178 4456 1314 4520 (ἰόντα)

297 4567 383 4629 (Β.)
407 4565 568 4645 οίκνρόν
587 4585 627 4644 γε
649 4560 795 4642 λέγεις,
816 4560 848 4621 εί
866 4560 928 4622 δεῖ
943 4563 1063 4638 συζῆν
1082 4564 1158 4620 τοῖσι
1169 4560 1353 4640 Λυκούργου
1366 4558 1552 4638 πατριώιαις.

276 4683 334 4742 pro
364 4665 465 4740 οίκονς
495 4663 600 4739 λέξεις,
626 4663 676 4724 ἳνα
703 4661 744 4740 μὴ
768 4658 885 4745 ξυνίχη.
911 4696 951 4706 -
975 4662 1025 4723 Β1.
1048 4662 1157 4737 suppl.
1181 4659 1325 4722 ἀπελθεῖν
1348 4663 1383 4722 et
1406 4663 1489 4723 eoni.
1514 4655 1549 4721 ἵν’

277 4766 339 4830 ἐκεῖ
357 4772 445 4854 συξη,
465 4769 551 4844 quod
574 4769 604 4829 si
628 4783 742 4828 verum
766 4767 825 4842 sit,
845 4767 926 4826 vab
950 4779 1146 4840 proponam:
1168 4765 1200 4822 Β.
1220 4762 1330 4840 οἴμοι
1353 4762 1390 4822 sl
1410 4759 1552 4842 λέγειςς

276 4865 318 4930 ἵν’
345 4867 429 4932 ἐκεῖ
448 4875 518 4943 (aut
539 4869 649 4932 lenius
672 4867 722 4927 ἴνα
746 4866 795 4944 δὴ)
819 4869 913 4950 συζῇ
936 4889 959 4926 ν.
982 4871 1022 4925 Λ.
1045 4864 1241 4944 saepturum

232 4971 283 5034 F'r.
314 4973 364 5049 12,
392 4976 419 5036 l.
444 4968 677 5050 δελφινοφίμοιο
699 4968 820 5047 κεραίας
843 4968 896 5030 vel
920 4966 1139 5047 δείφινοφόρος
1162 4988 1192 5027 τε
1212 4965 1316 5045 aspele
1335 4966 1384 5028 Β1.
1405 4968 1440 5026 et
1460 4981 1509 5026 νε.
1530 4967 1548 5025 2

274 5074 448 5152 κακασύσει,
470 5074 555 5151 quod
577 5087 658 5134 sane
680 5070 943 5148 praeferendum.
