3778 5796
880 520 922 579 53

325 699 375 761 Ad
393 694 518 780 Ἑορεάς
540 702 670 763 rettulit
689 703 851 765 Headlam
872 705 929 766 BA
950 707 1002 781 78,
1018 705 1058 765 22
1084 703 1263 785 ἀψυχίαν
1286 704 1352 767 ἀντὶ
1372 714 1425 767 τοῦ
1449 707 1563 767 δειλίαν

282 800 408 862 Πλάτων
428 801 554 885 Γοργίᾳ,
576 804 744 880 corrigens
761 799 909 886 Ἑορταῖς.
932 808 970 867 ln
994 807 1114 882 Gorgia
1143 808 1339 870 vocabulum
1367 823 1432 870 non
1457 811 1561 870 extat.

235 902 288 962 Fr.
314 903 367 979 28,
394 905 422 964 1.
458 900 530 966 aaa
555 903 592 963 ‘lv
624 909 780 977 (mecum)
812 906 875 966 δεῖ
895 901 1127 968 ’ποιιονεῖν
1156 909 1295 970 coniecit
1321 910 1425 986 idom,
1452 910 1562 971 neseio

282 1019 325 1064 an
354 1008 453 1067 reete.

235 1105 288 1165 Fr.
312 1106 366 1166 30.
391 1106 486 1168 Haud
509 1109 635 1184 temere
658 1109 706 1170 Bl.
730 1104 824 1188 ἡμᾶς,
849 1111 934 1185 quod
962 1126 1038 1172 oum
1065 1110 1187 1173 Cobeto
1204 1111 1397 1173 deleverunt
1415 1112 1563 1174 lisineke

280 1209 347 1282 (qui
377 1211 475 1269 antea
503 1214 664 1280 servarat)
695 1214 729 1272 et
755 1212 863 1288 Koelr,
886 1213 1111 1273 necessarium
1135 1213 1235 1273 duait.
1259 1212 1364 1287 Quare
1387 1215 1498 1277 nescio
1521 1230 1562 1275 an

280 1311 338 1370 aut
368 1311 648 1386 transponendum
680 1314 726 1374 sit
755 1316 831 1390 post
863 1312 1049 1393 Εὐριπίδου,
1084 1317 1123 1374 ut
1148 1314 1296 1376 ordiatur
1329 1330 1378 1376 ve.
1410 1317 1561 1393 tertium,

280 1412 339 1471 aut
360 1411 470 1486 potius
493 1415 569 1488 poet
591 1407 717 1492 γένοιθ’,
739 1417 776 1475 ut
799 1415 915 1476 fuerit:

434 1545 530 1574 --υ
553 1519 596 1587 (v.
612 1530 638 1577 c.
664 1509 737 1592 ἀλλ’,
761 1506 784 1574 ὦ
808 1509 881 1590 φίλ’)
904 1506 938 1575 εὖ
962 1513 995 1594 γέ
1017 1532 1065 1576 σοι
1088 1509 1215 1595 γένοιθ’,
1236 1510 1316 1593 ἡμᾶς
1341 1514 1385 1575 ὅτι

435 1615 549 1690 ἔσωσας
574 1615 606 1678 έκ
628 1625 688 1677 τῶν
712 1621 804 1697 σῖγμα
826 1625 885 1677 τῶν
911 1616 1093 1695 Εὐριπίδου.

232 1719 287 1778 Fr.
312 1720 366 1780 34.
401 1720 463 1781 Pro
493 1717 679 1798 ὰμφίιολλον
709 1719 812 1782 schol.
844 1721 974 1796 Synesii
1004 1737 1034 1797 p.
1068 1721 1143 1795 638,
1169 1721 1211 1781 36
1241 1737 1271 1795 p.
1302 1721 1423 1781 LXXII
1450 1721 1561 1782 Heret.

280 1821 315 1880 et
337 1820 466 1894 Synesii
489 1824 584 1898 epist.
609 1823 630 1882 3
653 1817 866 1898 ἀμφιιὲφολον
889 1822 1010 1882 habero
1034 1822 1165 1882 monuit
1186 1821 1311 1882 Nauck.
1336 1822 1383 1884 Of.
1408 1822 1525 1883 lexica.

234 1920 288 1980 Fr.
313 1922 416 1998 43,1.
448 1921 542 2003 ἀργόν
572 1923 661 1985 male
691 1925 725 1984 in
754 1920 846 1984 οὐδέν
870 1927 981 1985 mutat
1004 1923 1052 1985 Bi.
1076 1922 1317 1999 explicandum
1341 1924 1471 1986 videtur
1494 1939 1562 1985 ree

281 2021 406 2085 iners.
438 2023 485 2086 ct.
516 2022 646 2104 ἐνεργεῖν
673 2025 859 2086 adbibiturn
880 2025 920 2085 de
943 2025 1043 2086 coitu.
1067 2025 1143 2085 Soil.
1167 2024 1289 2085 mulier
1306 2025 1502 2086 καθεύδουσα
1525 2022 1561 2085 οὐ

280 2131 569 2203 προσποιεῖται.
600 2127 713 2201 Aeque
740 2127 956 2202 improbabile
975 2128 1027 2187 ost
1045 2125 1131 2201 quod
1149 2126 1189 2187 fr.
1211 2127 1254 2186 44
1273 2123 1368 2186 atrio
1395 2127 1505 2187 mutat
1527 2127 1561 2187 in

279 2226 380 2306 ἰχθύν.
398 2229 536 2290 librarii
559 2228 703 2306 talpae
726 2243 793 2291 non
816 2231 926 2304 erant,
947 2230 984 2289 ut
1003 2227 1151 2303 arbitror,
1173 2227 1322 2288 utverba
1337 2227 1562 2289 dissimillima

281 2345 347 2391 non
370 2329 623 2408 distinguerent.

237 2431 291 2492 Fr.
317 2433 370 2508 46,
395 2434 427 2493 3.
459 2433 508 2494 Bl.
538 2433 635 2494 malit
657 2425 719 2491 ἀλλ’
744 2425 798 2490 ἔστ’
824 2428 960 2509 ἀγγεῖον;
987 2433 1025 2489 Α.
1048 2429 1090 2502 είς
1111 2429 1223 2490 θυείαν
1246 2427 1387 2491 παιστέον
1419 2433 1477 2491 aut
1499 2424 1558 2490 ἀλλ’

282 2531 338 2592 οὐκ
372 2527 424 2593 ἰοί
461 2531 552 2614 ἄγγος
584 2536 621 2592 Α.
651 2532 694 2605 είς
715 2537 748 2593 θ.
772 2552 802 2591 π.
826 2532 993 2593 Posterior
1016 2532 1205 2593 coniectura
1227 2532 1323 2593 valde
1346 2532 1429 2592 mihi
1454 2531 1563 2609 placet

280 2638 314 2696 et
343 2635 532 2698 Kockianae
561 2635 775 2712 praeferenda
801 2635 941 2695 videtur.
965 2633 1080 2695 Paullo
1103 2638 1216 2695 tamen
1240 2633 1347 2696 lenius
1370 2634 1478 2710 possis
1500 2627 1559 2693 ἀλλ’

281 2733 371 2816 ἄγγος
400 2735 457 2798 οὐκ
487 2730 541 2797 ἔστ’
565 2734 621 2797 ari.
645 2740 679 2798 et
701 2737 843 2798 tortasse
866 2737 1014 2811 praestat
1036 2734 1145 2796 forma
1166 2736 1251 2795 θοτο.
1266 2723 1316 2779 “-
1338 2735 1394 2796 Vs.
1421 2735 1461 2796 10
1485 2750 1562 2796 eum

281 2838 397 2900 eodem
426 2839 543 2900 malim
577 2846 637 2898 τῶν
667 2832 824 2915 Ἰσθμίων,
854 2839 913 2898 aut
942 2836 1051 2897 lenius
1080 2843 1139 2895 τῶν
1165 2829 1364 2913 Ἰσθμιάδων,
1394 2838 1431 2896 ut
1453 2836 1561 2897 dicere

279 2939 365 3000 solet
387 2939 562 3012 Pindarus;
587 2939 646 3000 sed
669 2938 750 2998 nihil
773 2940 904 2998 mutare
927 2937 1141 3012 praestiterit.

235 3041 289 3101 Fr.
313 3042 366 3116 47,
392 3041 422 3101 2.
458 3040 507 3100 Bi.
542 3055 600 3116 pro
635 3037 762 3115 πέμπειν
797 3038 881 3100 ooni.
913 3037 1044 3117 βάλλειν,
1072 3037 1157 3113 quod
1192 3053 1291 3099 nemo
1325 3037 1480 3100 librarius
1515 3039 1562 3099 ita

279 3144 457 3218 mutasset,
490 3143 551 3204 aut
580 3135 689 3217 ἀφιὲν,
717 3141 803 3215 quod
826 3154 921 3216 sane,
950 3140 980 3200 si
1003 3138 1080 3214 quid
1104 3139 1303 3200 mutandum
1326 3142 1430 3216 esset,
1455 3139 1560 3200 multo

278 3243 364 3303 foret
386 3242 597 3318 probabilius,
621 3243 666 3302 At
690 3243 729 3303 cf.
756 3243 808 3317 51,
835 3241 854 3300 3
878 3243 1009 3321 γλῶτταν
1033 3236 1156 3319 ἀγαθὴν
1178 3236 1305 3316 πέμπετε
1318 3263 1360 3290 =
1373 3237 1482 3318 ἀφίετε.

233 3343 288 3404 Fr.
312 3345 365 3404 49.
395 3343 510 3419 Recte,
543 3343 576 3403 ni
598 3342 707 3420 fallor,
738 3342 787 3403 Bl.
816 3335 889 3401 ὥσθ’
914 3335 971 3400 ἅττ’
998 3338 1052 3419 ἔχοι
1072 3338 1078 3420 Ι
1098 3334 1176 3401 ταῦτ’
1203 3337 1233 3413 ές
1256 3339 1393 3421 ταρίχους
1415 3338 1561 3418 ἀπολῶ,

281 3445 339 3504 aut
361 3423 764 3520 onoltooa,'praeterea
786 3446 921 3504 tentans
944 3439 1105 3522 ἀποβαλο,
1127 3439 1303 3515 ἕξοναλοίοοο
1326 3445 1360 3505 ot
1382 3443 1457 3505 alia.

234 3545 288 3605 Fr.
313 3546 365 3620 51,
394 3546 421 3605 1.
456 3545 505 3606 Bl.
536 3545 592 3606 oft.
624 3545 736 3621 Eupol.
768 3545 801 3605 Il
832 3547 898 3605 464
930 3547 963 3605 et
994 3544 1130 3620 Ephipp.
1165 3545 1213 3604 ΙΙΙ
1237 3546 1312 3620 839,
1345 3560 1393 3605 vs.
1423 3546 1444 3606 3
1476 3545 1560 3606 eitra

280 3646 516 3709 necessitatem
538 3648 705 3710 coniciens
726 3650 932 3725 καλλιερῆοθε.

235 3748 317 3808 Post
338 3746 378 3808 b.
403 3749 445 3808 54
470 3763 488 3810 θ
518 3749 625 3810 lexico
657 3749 843 3810 sabbaitico
871 3765 902 3826 p.
927 3749 957 3825 3,
985 3750 1001 3808 1
1034 3747 1134 3809 adde:
1170 3744 1411 3825 ἀφροδίσιος
1446 3747 1561 3827 λόγος

283 3849 408 3910 Πλάτων
432 3843 495 3910 ιλπε
520 3847 569 3910 Διί
592 3848 769 3936 κακουμένῳ
798 3853 833 3912 et
856 3849 971 3911 deinde
995 3846 1045 3908 καλ
1065 3847 1344 3928 Ἀφροίιιαρίδ
1352 3871 1415 3910 ιον
1434 3845 1450 3909 ὁ
1470 3846 1560 3922 αὐτὸς

282 3948 517 4030 ὑποκοριστικῶς

504 4053 585 4131 οἴμοι
608 4053 713 4132 τάλας,
734 4051 855 4125 ἀπολεῖς
879 4047 919 4130 μ’,
942 4050 1293 4132 Ἀφροδιεαρίίιον

501 4155 700 4235 γλυκύτατον,
723 4154 844 4216 ἱκετεύω
867 4171 914 4233 σε,
936 4153 977 4232 μή
1002 4175 1038 4232 με
1060 4152 1197 4238 περιίδῃς

281 4256 351 4318 soil.
392 4253 616 4336 ἀπολλύμενον,
656 4259 685 4319 si
721 4259 887 4334 integram
922 4257 1125 4319 sententiam
1162 4255 1275 4318 attulit
1308 4255 1559 4331 grammaticus.

282 4357 390 4432 Ipsius
423 4359 578 4421 Heroulis
608 4360 649 4421 ad
670 4360 918 4421 meretriculam
944 4358 1044 4420 verba
1067 4357 1230 4419 videntur.
1255 4355 1366 4418 Oodex
1389 4355 1562 4429 utrobique

284 4458 382 4521 habet
404 4461 697 4541 Ἀφροδιταρούίιον.

237 4561 290 4622 lir.
314 4563 365 4623 55.
390 4563 503 4625 Malim
526 4578 602 4626 uum
626 4563 674 4624 Bi.
699 4559 732 4624 δέ
756 4563 845 4641 δεῦρο
868 4576 926 4638 pro
950 4561 1040 4642 δεῦρο
1063 4558 1101 4638 δή
1124 4559 1173 4632 (σὺ
1198 4560 1288 4637 δεῦρο
1312 4558 1425 4630 Koch).

237 4659 291 4722 Fr.
315 4665 367 4724 56.
390 4664 483 4726 idem
504 4664 548 4737 τίς
570 4663 627 4745 γάρ
650 4679 698 4742 σε,
718 4662 762 4736 τίς
786 4696 827 4709 -
851 4661 960 4742 βορέῃ

238 4761 292 4822 Fr.
317 4765 367 4824 58.
402 4757 463 4824 ἀλλ’
498 4762 588 4837 αὐτὸς
622 4761 733 4845 ἄποροί
767 4764 887 4825 vitioso
926 4763 1043 4824 metro.
1077 4760 1152 4823 God.
1184 4755 1265 4822 αὐτὸ.
1296 4761 1345 4823 Bl.
1380 4755 1561 4842 οὐινπαριί,

283 4866 367 4936 quod
397 4881 503 4940 neque
528 4866 610 4941 legit
639 4867 880 4942 grammaticus
917 4865 956 4926 de
999 4860 1111 4942 ἄποροί
1143 4877 1245 4938 agens
1278 4879 1384 4938 neque
1419 4878 1560 4938 usquam

284 4963 433 5027 traditur.
460 4967 578 5028 Melius
607 4967 694 5028 idem
729 4961 819 5038 αὐτὸς
843 4959 884 5042 δ’,
907 4965 1015 5027 deleto
1038 4959 1110 5024 ἀλλ’.
1134 4965 1221 5026 Num
1251 4965 1336 5026 forte
1367 4961 1461 5025 ἀλλὰ
1490 4958 1558 5027 πότ’

286 5059 394 5146 &mosi
420 5064 500 5128 aaa?
