3748 5792
977 473 1038 532 108

345 659 397 720 Fr.
421 661 451 720 3.
486 663 611 719 παλαιᾶν
641 674 741 722 sensu
772 660 1112 739 obscoeno=dwriv,
1145 663 1182 722 ut
1213 660 1419 721 alhalrlren
1451 659 1530 719 dicit
1560 656 1665 733 plebe·

391 760 465 822 cula
486 764 609 823 nostra.

345 863 398 922 Fr.
422 863 452 937 8,
488 865 516 926 1.
550 863 759 942 ναγαλίαματα
793 867 925 940 propter
960 864 1097 926 verbum
1132 865 1303 944 ναγα1ίζειν
1338 861 1475 936 requirit
1509 861 1572 936 Bl,
1608 860 1666 920 sed

389 965 568 1041 νωγαλεύτιν
588 967 771 1040 agnoscunt
791 970 904 1027 vetera
922 965 1044 1042 lexico,
1069 971 1103 1028 et
1123 968 1218 1027 iuxta
1233 963 1440 1044 νωγαλίσματα
1460 963 1558 1024 habel
1571 975 1666 1042 voye·

388 1063 518 1141 λεύματα
538 1065 724 1140 Hesychius
747 1082 774 1127 a.
789 1083 819 1127 v.
845 1067 937 1129 Idem
960 1069 1044 1130 vs.3
1063 1068 1210 1143 postulat
1229 1065 1413 1142 εἰσήλιαντα,
1432 1065 1490 1125 aad
1511 1061 1665 1140 ἐξήλλοντο

389 1180 408 1226 e
430 1168 528 1244 mari,
554 1169 591 1228 ut
613 1168 765 1230 arbitror.

345 1267 397 1328 Fr.
424 1269 475 1344 13,
500 1270 530 1328 2.
555 1267 637 1330 Cum
662 1271 778 1332 eodem
801 1270 937 1346 legerim
962 1268 1102 1348 ἀνήλατο.

347 1451 542 1520 Nicostrati
572 1456 611 1518 ir.
642 1459 670 1518 1.
706 1458 778 1519 Non
812 1458 980 1520 intellexit
1014 1459 1116 1520 Koclr.
1152 1459 1238 1532 Lege
1272 1457 1362 1529 πίναξ
1397 1452 1429 1516 δὲ
1459 1464 1575 1533 πρῶτος
1608 1464 1665 1514 τῶν

389 1554 523 1634 μεγάλαν
547 1557 628 1626 (scil.
652 1558 809 1630 πινάκων).
833 1558 880 1620 (li.
905 1561 1026 1634 Lyncei
1049 1560 1088 1620 tr.
1113 1560 1157 1620 lV
1180 1560 1299 1621 43311.
1324 1559 1409 1620 Olim
1433 1558 1558 1619 monui.

344 1656 396 1718 Nr.
420 1659 451 1732 4,
476 1660 506 1718 4.
539 1658 623 1719 Nihil
649 1659 690 1720 ad
713 1675 784 1721 rem
808 1655 827 1737 ἡ
851 1669 904 1722 τοῦ
927 1660 1131 1739 ταριχοπώλου
1154 1661 1378 1740 καλοκαγαθία,
1407 1661 1492 1735 quod
1516 1661 1663 1721 sentiens

388 1758 436 1819 Bl.
460 1761 584 1834 optime
608 1763 742 1836 corrigit
764 1760 856 1822 καλόν
880 1785 909 1822 τε
931 1761 1071 1843 κάγαθὸν
1102 1763 1379 1838 (salsamentum),
1405 1761 1478 1823 coll.
1503 1763 1558 1822 Ar.
1583 1761 1662 1820 Ran.

391 1861 487 1937 1236,
511 1877 571 1923 nec
594 1862 704 1938 inepte
731 1863 819 1925 idern
843 1880 891 1926 ve.
916 1867 936 1926 6
960 1867 1163 1940 opulentat
1187 1864 1389 1943 καταφάγοιεν
1412 1857 1532 1941 ἡμερῶν
1553 1863 1558 1938 l
1578 1869 1664 1940 τριῶν

388 1958 427 2022 ἂν
449 1959 600 2036 ἐσθίοντες
623 1960 730 2043 ἄνδρες
755 1963 885 2042 δώδεκα,
908 1966 966 2028 sod
989 1965 1098 2028 lenius
1118 1965 1365 2042 corrigendum:
1381 1964 1606 2044 καταφάγοιμεν
1617 1965 1663 2033 (ut

388 2065 540 2137 traditur)
563 2061 681 2144 ἡμερῶν
703 2065 708 2144 Ι
728 2075 818 2144 τριῶν
839 2063 877 2126 ἂν
898 2065 1050 2140 ἐσθίοντες
1075 2063 1182 2140 (ὄντες
1203 2082 1279 2129 cum
1299 2064 1448 2128 cebete>
1464 2063 1590 2126 torm.

344 2167 395 2227 Fr.
420 2167 450 2242 6,
475 2169 506 2228 6.
530 2167 631 2246 χάριεν
652 2167 719 2246 γάρ.
742 2169 790 2229 Bl.
816 2169 871 2230 cit.
896 2171 952 2231 Ar.
977 2170 1058 2231 Ran.
1087 2171 1182 2231 1491.

345 2268 396 2329 Fr.
421 2268 450 2344 8,
476 2269 507 2330 3.
531 2270 605 2331 lure
628 2279 733 2331 τοῦτον
756 2274 868 2332 tuetur
890 2271 995 2346 idem,
1022 2272 1095 2333 coll.
1120 2273 1175 2332 Ar.
1200 2269 1286 2332 Eccl.
1310 2271 1385 2331 570.

344 2370 397 2431 Fr.
424 2371 474 2447 10,
500 2373 531 2433 3.
564 2371 669 2434 Verba
695 2371 785 2445 αὐτὸς
807 2382 927 2450 περανῶ
951 2371 986 2432 ul
1008 2367 1092 2432 πάντ’
1118 2388 1155 2434 se
1177 2387 1243 2433 non
1266 2371 1457 2448 intellegere
1480 2370 1529 2431 alt
1551 2368 1661 2431 editor.

387 2471 471 2532 Sunt
494 2475 606 2535 tamen
629 2475 712 2535 satia
735 2476 916 2551 perspicua.
938 2475 1045 2550 Negat
1064 2476 1119 2550 qui
1137 2473 1282 2549 loquitur
1299 2489 1345 2550 ae,
1365 2474 1557 2548 priusquam
1569 2471 1661 2531 navis

389 2573 428 2634 de
463 2590 528 2650 qua
560 2591 670 2638 sermo
704 2575 742 2638 llt
774 2593 879 2653 genua
908 2579 1092 2654 resciverit,
1125 2580 1231 2638 totam
1260 2591 1332 2638 rem
1362 2587 1526 2648 exponere
1556 2585 1660 2647 posse.

390 2674 556 2751 Quaenam
591 2678 650 2739 illa
682 2694 736 2740 res
767 2679 867 2740 ruerit
900 2695 962 2741 nos
996 2681 1146 2755 ignorare
1179 2679 1265 2740 ultro
1293 2677 1439 2752 apparet.
1468 2675 1537 2735 Aut
1565 2673 1662 2748 igitur

388 2776 469 2838 nihil
493 2779 576 2840 dixit
599 2779 691 2840 Koclr
714 2783 773 2842 aut
794 2781 910 2843 otiosa.

344 2879 395 2938 Fr.
424 2881 473 2954 lb,
499 2881 528 2940 3.
554 2880 630 2942 Sine
642 2898 742 2944 causa
762 2883 905 2958 Blaydes
922 2878 1095 2961 eodulonp’.
1112 2918 1150 2926 -
1173 2884 1229 2944 Vs.
1250 2885 1281 2944 4.
1299 2875 1545 2961 παραμεμιγμένη
1565 2877 1661 2940 idem.

389 2978 469 3055 Quid
493 2985 538 3050 (et
560 2981 653 3059 num)
676 2984 776 3046 luerit
798 2987 1032 3061 compositum,
1057 2986 1135 3047 sciri
1158 2986 1285 3061 nequit,
1309 2983 1367 3044 sed
1391 2982 1504 3056 utique
1523 2980 1662 3041 scriben-

388 3079 466 3142 dum
501 3097 558 3157 per
591 3083 843 3161 diphthongum.
870 3121 905 3132 -
935 3088 990 3148 Vs.
1016 3091 1046 3150 b.
1080 3085 1199 3166 ἢνμαζεν
1228 3102 1286 3163 pro
1316 3083 1401 3163 ἀτμίς
1431 3106 1474 3155 τις
1503 3085 1601 3143 acute
1629 3081 1661 3140 et

387 3183 499 3243 nescio
522 3198 564 3244 an
589 3200 665 3248 vere
688 3187 786 3248 idem.

343 3283 394 3343 Fr.
430 3285 480 3358 17,
504 3286 534 3346 2.
570 3287 745 3350 Manifesto
780 3289 856 3352 inde
891 3291 974 3364 quod
1005 3283 1074 3350 οὐδ’
1107 3289 1191 3369 ἴκταρ
1226 3288 1327 3368 βάλλει
1361 3285 1449 3365 (ἥκει)
1483 3285 1658 3359 dicebatur,

388 3398 452 3444 non
483 3389 631 3461 sequitur
661 3406 815 3466 graecum
847 3407 920 3452 esse
951 3386 1016 3452 οὐδ’
1050 3391 1134 3469 ἴκταρ
1163 3385 1237 3460 εἶδε,
1259 3391 1343 3466 quod
1368 3405 1425 3465 pro
1450 3385 1659 3464 οὐδέτερον

385 3477 445 3546 εἶδε
467 3491 636 3564 proposuit
656 3492 758 3553 Kock.
781 3496 852 3554 Acu
872 3509 943 3554 rem
966 3495 1077 3569 tetigit
1100 3494 1154 3556 l.l.
1180 3494 1216 3554 O.
1232 3493 1367 3554 orosius
1390 3491 1557 3566 corrigens
1580 3479 1657 3549 οὐδ’

386 3582 483 3667 ὄναρ
514 3582 581 3651 εἶδε.
609 3593 646 3653 In
676 3595 765 3655 idern
788 3597 903 3670 postea
925 3596 1041 3657 incidit
1064 3597 1126 3671 Bl.,
1151 3595 1209 3656 sed
1232 3597 1359 3656 temere
1381 3608 1440 3669 pro
1463 3584 1523 3651 εἶδε
1545 3589 1660 3650 πώποτε

386 3689 544 3752 ariolator
584 3689 723 3772 ἐποίησέν
764 3717 842 3756 ποτε.
878 3697 988 3771 Longe
1022 3698 1124 3772 priori
1157 3695 1385 3772 posthabenda
1417 3694 1525 3754 altera
1558 3689 1660 3752 drusii

386 3793 572 3855 conlectura
595 3793 638 3856 οὐ
663 3793 837 3874 δέρτρον.

341 3891 393 3952 Fr.
420 3894 470 3969 19,
495 3895 525 3956 ὅ.
550 3896 587 3982 In
607 3894 811 3959 πάσύντακτον
830 3901 948 3960 merito
969 3901 1078 3961 haesit
1097 3900 1145 3961 Bl.
1163 3903 1239 3975 apte
1257 3901 1423 3961 coniciens
1442 3893 1660 3973 κάστάθμητον·

342 3993 393 4052 Fr.
419 3993 471 4069 21,
500 3997 527 4057 1.
551 4005 601 4074 τῆς
626 3997 719 4076 αὐτῆς
742 3996 825 4060 ὁδοῦ.
858 4001 903 4062 Of.
936 4003 1037 4063 otiam
1061 4011 1114 4084 μιᾷ
1138 3998 1197 4084 ὁδῷ
1223 4003 1296 4062 Eur.
1322 4003 1386 4061 765
1411 4002 1445 4060 et
1466 3998 1609 4060 Herond.
1632 3995 1659 4054 V

387 4091 429 4155 66
453 4111 500 4170 sq.
527 4131 568 4139 -
592 4100 648 4161 Vs.
673 4102 704 4163 3.
735 4097 802 4180 παρ’
827 4099 956 4180 Ὡπιμαν
987 4105 1044 4163 vix
1074 4107 1163 4164 recte
1187 4105 1346 4165 adversus
1369 4101 1529 4164 Oobstum
1552 4101 1660 4160 tuetur

386 4196 500 4274 editor,
535 4215 612 4261 nam
647 4204 788 4277 perdura
822 4207 874 4265 est
909 4205 1086 4280 explicatio
1120 4209 1166 4282 et,
1203 4206 1232 4265 si
1266 4205 1328 4266 boc
1358 4203 1519 4266 voluisset
1551 4204 1658 4278 poeta,

384 4300 494 4374 potius
517 4301 590 4378 πρὸς
614 4303 761 4365 dedisset
782 4309 820 4366 ut
842 4307 876 4366 in
900 4321 948 4366 vs.
974 4309 1004 4367 2.

341 4400 392 4462 Fr.
418 4400 470 4476 22,
491 4403 521 4462 2.
546 4403 646 4478 φανὸν
665 4408 807 4481 permira
825 4411 971 4482 positum
992 4410 1078 4469 inter
1100 4400 1185 4469 οἶνον
1208 4411 1242 4470 st
1261 4405 1342 4485 ὄξος,
1364 4422 1425 4470 noc
1448 4406 1561 4468 dubito
1583 4404 1658 4479 quin

384 4507 472 4563 recte
510 4504 649 4567 duorum
684 4509 946 4583 apographorum
981 4510 1156 4570 lectionem
1192 4506 1292 4568 ἔλαιον
1323 4509 1511 4584 probaverit
1544 4506 1656 4578 Nabar,

383 4607 587 4668 assentiente
611 4609 712 4670 etlam
736 4611 784 4672 Bl.
809 4611 946 4672 Frustra
972 4612 1084 4672 tuetur
1106 4610 1208 4671 Kock.

340 4706 391 4766 Fr.
417 4707 469 4782 24,
494 4709 524 4769 2.
560 4707 717 4785 φασκν)
752 4710 910 4772 οτεναπτὸν
942 4716 1073 4788 propter
1104 4712 1251 4788 Hilbergi
1280 4712 1388 4788 legem
1419 4715 1507 4774 recte
1530 4709 1657 4782 Nauck;

384 4807 474 4884 μέσον
497 4825 554 4884 pro
574 4810 678 4872 στενὸν
700 4813 786 4875 bona
809 4817 861 4876 est
884 4816 1019 4876 editoris
1043 4815 1211 4876 correctio.

340 4911 391 4970 Fr.
417 4912 469 4972 27.
497 4914 512 4971 1
538 4935 566 4971 τε
589 4931 646 4989 pro
670 4916 775 4990 priore
798 4913 848 4976 nol
872 4917 934 4992 Bl.,
960 4933 1023 4991 quo
1046 4918 1102 4976 vix
1126 4933 1221 4992 opus,
1246 4920 1281 4979 et
1304 4932 1353 4978 vs.
1377 4918 1396 4978 3
1420 4931 1497 4977 cum
1518 4913 1659 4978 Antonio

384 5012 456 5074 Mel.
491 5015 721 5095 φρονιμώτεροι,
764 5019 905 5092 repetito
940 5021 1017 5079 ante
1052 5018 1315 5096 comparativum
1348 5015 1402 5096 ἄν,
1442 5032 1543 5093 quam
1583 5030 1660 5082 sanc
