3748 5792
985 506 1027 566 62

389 696 570 773 genuinum
594 698 659 772 ost,
684 710 862 772 agnoscere
886 695 1034 770 cogimur
1056 696 1272 777 Archippum,
1302 699 1373 760 sive
1396 694 1576 777 θεοισεχθρία
1598 697 1674 757 sive

389 798 583 878 θεοισεχθρία
607 798 747 874 dederit,
771 797 805 857 in
828 796 1024 858 alterutram
1047 802 1176 872 partem
1200 817 1364 877 peccasse.

346 904 398 964 Fr.
423 904 463 964 37
478 901 509 964 b.
539 909 597 960 τοι
629 894 655 959 δ’
690 899 826 961 Homeri
852 897 973 973 schol.;
997 906 1055 958 νον
1079 896 1119 972 ὡς
1142 917 1227 964 unus
1250 903 1300 964 Et.
1324 903 1365 963 Μ.
1391 901 1508 974 codem
1532 907 1590 959 νῦν
1613 889 1672 960 οὖν

390 1004 457 1081 Bl.,
482 1004 540 1065 sed
564 1003 686 1064 rectius
712 999 781 1061 νανλ
806 995 833 1059 δ’
860 1001 957 1062 idom.

346 1108 425 1169 Post
447 1107 487 1167 ir.
511 1106 553 1166 42
578 1103 806 1164 inserendum:

435 1205 604 1287 κηρλνην
626 1202 859 1284 θρυαλλίδα.
876 1200 1039 1283 Ἄρχιππος
1059 1201 1075 1266 ὁ
1092 1206 1237 1282 κωμικός,
1255 1201 1271 1267 ὃ
1292 1214 1350 1266 νῦν
1372 1206 1564 1287 κηρίολον
1586 1203 1671 1282 (scil.

389 1307 550 1388 λέγουσιν).
574 1307 645 1368 Vid.
670 1305 773 1382 Gohn,
799 1305 860 1366 Rh.
885 1305 966 1367 Mus.
995 1307 1091 1383 1888,
1117 1310 1193 1370 417.

346 1413 397 1473 Fr.
422 1413 476 1473 43.
514 1417 567 1487 τῆς
600 1424 665 1471 non
697 1424 737 1468 ox
770 1407 895 1484 codice,
932 1409 990 1468 sed
1026 1423 1043 1469 e
1075 1410 1264 1471 coniectura
1294 1410 1422 1471 editum
1453 1424 1526 1470 esse
1558 1409 1672 1470 monet

391 1513 513 1574 Nauck.
538 1545 579 1553 —
604 1509 660 1570 Vs.
685 1511 714 1570 2.
739 1508 877 1586 pelopea*
896 1509 968 1584 lege
993 1525 1069 1570 cum
1092 1509 1141 1571 Bl.

345 1614 397 1674 οι.
422 1615 475 1674 ιο.
498 1608 707 1692 προσεμφερὴς
739 1609 851 1672 eooeu
882 1611 1002 1672 unam.
1034 1625 1112 1673 nov.
1136 1612 1184 1672 111
1211 1613 1273 1672 ιον
1305 1613 1571 1674 emendationem
1598 1625 1674 1671 esse

390 1715 627 1776 animadvertit
655 1713 778 1774 Nauck.
809 1713 857 1774 Bl.
889 1715 998 1774 tentat
1029 1713 1359 1791 διακεχλιδηιιάς,
1381 1713 1541 1791 θοίμάτιον
1565 1709 1673 1798 ἕλκων,

391 1813 497 1892 ὅπωςΙ
523 1811 615 1876 <ilv>
644 1811 774 1891 ἐμφερὴς
797 1813 921 1891 μάλιστα
945 1813 1017 1896 step
1041 1824 1079 1897 τῷ
1103 1814 1206 1892 πατρί,
1228 1813 1285 1874 κτὲ.
1309 1815 1356 1876 De
1379 1813 1460 1887 ὅπως
1479 1812 1517 1873 ἂν
1537 1829 1672 1891 prorsus

390 1919 563 1993 assentior,
599 1917 638 1976 de
674 1913 903 1994 διακεχλισηιιώς
939 1915 1033 1976 valde
1069 1915 1195 1992 dubito,
1236 1917 1314 1990 quia
1348 1917 1450 1977 etiam
1485 1915 1673 1990 Hesychius

390 2021 488 2082 habet
518 2018 647 2094 glossas
678 2015 912 2095 διακεχλ[ο]ιδάς
935 2019 969 2078 et
993 2015 1224 2096 σιαιιεχλισέναι,
1255 2019 1368 2092 itaque
1395 2018 1505 2093 potius
1528 2017 1670 2077 scribam

391 2139 466 2185 cum
490 2121 613 2182 Kockio
636 2118 749 2196 βαδίζει
763 2163 769 2176 .
782 2163 809 2176 ..
830 2116 835 2197 Ι
857 2118 1048 2196 διακεχλιδώς
1076 2135 1178 2195 <τε>,
1198 2119 1362 2198 θοίμάτιον
1385 2117 1441 2179 κιὲ.
1465 2119 1512 2180 De
1531 2118 1673 2194 singulis

391 2223 558 2287 vocabulis
589 2222 789 2297 scriptorum
819 2218 908 2281 locos
938 2220 994 2282 cit.
1017 2221 1081 2297 Bi,
1115 2235 1200 2282 nove
1231 2221 1357 2282 dictum
1387 2235 1462 2282 esse
1489 2220 1673 2296 τραυλίζεται

390 2342 448 2402 pro
481 2322 625 2402 τραυλίζει
660 2321 940 2383 animadvertens.
975 2322 1131 2384 Formam
1166 2323 1311 2384 mediam
1342 2322 1537 2397 provocavit
1570 2321 1673 2380 metri

389 2427 586 2502 necessitas,
631 2428 669 2486 ut
702 2437 801 2498 saepe
835 2423 950 2484 eodem
985 2427 1123 2498 cogente
1157 2423 1358 2486 alterutrum
1393 2437 1498 2498 genus
1531 2423 1670 2484 admise-

391 2533 469 2590 runt
492 2531 619 2604 poetae.

434 2630 584 2692 Accessit
621 2643 638 2690 s
673 2627 779 2688 lexico
822 2625 1007 2686 Sabbaitico
1046 2642 1076 2701 p.
1113 2627 1143 2702 2,
1180 2627 1222 2687 24
1257 2625 1393 2702 elegans
1427 2627 1670 2702 fragmentum:

391 2731 633 2812 άφροδλσιος
657 2737 790 2805 κῆπος.
807 2724 980 2807 Ἄρχιππος·

702 2822 725 2891 ὦ
749 2829 862 2907 μάκαρ,
885 2823 917 2901 ὃς
942 2825 990 2888 ἕπλ
1013 2829 1244 2908 χλανιάοφόροις

700 2931 818 3011 κόραισι
841 2929 894 2990 τὸν
917 2927 1099 3007 ἀφροδίσιον

700 3041 799 3110 κῆπον
822 3028 1010 3111 άποδρὲπεις.

347 3142 398 3201 Fr.
423 3141 477 3200 47.
501 3129 648 3214 καθέζωμ’
675 3135 748 3196 sine
772 3148 875 3195 causa
897 3134 946 3194 Bl.

434 3241 583 3302 Addatur
604 3237 739 3313 Lysippi
762 3236 800 3296 fr.
826 3239 859 3310 9,
885 3235 940 3296 ubi
963 3234 1039 3295 vide
1061 3249 1172 3294 meam
1195 3234 1357 3297 notulam.

346 3345 398 3404 Fr.
423 3343 476 3403 52.
511 3342 560 3402 Bi.
589 3341 644 3402 oft.
668 3339 732 3399 BA
756 3338 809 3412 36,
845 3337 884 3396 19
915 3335 1088 3396 ὄιασιλλοῦν
1119 3341 1153 3396 θλ
1182 3337 1259 3397 Hes,
1292 3336 1457 3413 διεσλλληνε
1480 3339 1514 3397 θλ
1537 3335 1671 3398 Lucian.

390 3446 469 3506 Lex.
495 3445 548 3505 24.

345 3646 586 3715 Aristomenis
609 3649 648 3709 ir.
673 3647 703 3708 3.
727 3644 776 3706 Bl.
800 3651 877 3720 μισῶ
901 3636 928 3701 θ’
956 3639 1012 3721 ἐγώ
1036 3636 1077 3719 α’,
1100 3643 1226 3718 reliqua
1249 3658 1325 3704 cum
1348 3642 1479 3705 (lobeto.

346 3752 398 3812 Fr.
423 3755 453 3813 4.
478 3751 570 3813 Idsm
601 3746 741 3808 ἐντεῦθεν
771 3743 831 3823 ἤδη
862 3760 920 3821 pro
951 3741 1086 3820 ἐπειδὴ.
1115 3745 1268 3806 Praefers
1292 3746 1407 3806 Kockii
1430 3747 1669 3820 coniecturam,

391 3854 543 3929 quamvis
577 3853 737 3912 incertam
772 3850 806 3908 et
838 3847 955 3921 ipsam.
991 3846 1105 3906 Possis
1139 3847 1241 3908 etiam
1272 3843 1354 3906 ἐπελ
1378 3843 1417 3906 δὲ
1440 3844 1573 3924 <ιιρὸς>
1599 3844 1671 3917 τοὺς

389 3955 548 4034 πρυτάνεις
571 3953 794 4033 προσήλθομεν,
812 3947 898 4022 quod
918 3947 971 4006 vel
991 3947 1216 4022 praetulerim,
1238 3949 1315 4022 quia
1333 3945 1487 4027 προσιέναι
1508 3963 1582 4008 cum
1601 3961 1668 4008 ace.

389 4072 447 4131 pro
470 4057 536 4116 dat.
561 4055 644 4131 apud
668 4051 758 4113 solos
781 4048 924 4123 tragicos
948 4063 1118 4110 occurrere
1142 4051 1279 4109 videtur.

345 4158 398 4219 Fr.
422 4159 452 4234 5,
478 4159 507 4219 2.
532 4158 580 4217 Bl.
605 4171 681 4216 curn
705 4151 832 4212 Nabero
856 4143 974 4208 ἐνθάδ’.
999 4149 1141 4210 Omnino
1162 4150 1202 4210 cf.
1224 4153 1278 4210 Ar.
1299 4152 1361 4211 Av.
1384 4151 1459 4226 358,
1473 4151 1549 4226 388,
1568 4165 1669 4223 quem

388 4258 499 4320 locum
522 4274 599 4320 eum
623 4272 689 4317 non
713 4251 867 4314 attulisse
889 4248 1003 4309 miror.

345 4362 397 4423 Fr.
422 4363 453 4422 6.
484 4361 609 4422 Iniuria
638 4372 692 4418 me
723 4353 829 4416 iudice
860 4351 967 4412 haesit
997 4352 1088 4412 Kock
1120 4357 1271 4427 (eumque
1301 4357 1437 4415 secutus
1463 4351 1527 4429 Bl.,
1552 4351 1605 4414 vsl
1628 4349 1668 4422 ὡς

390 4466 449 4523 aut
471 4461 521 4522 διὰ
544 4465 602 4522 aut
625 4456 665 4531 ὡς
687 4455 775 4536 κρέας
798 4453 874 4524 (vid.
898 4452 1000 4514 stiam
1023 4453 1118 4514 Add.
1137 4468 1167 4528 p.
1181 4455 1256 4523 325)
1281 4469 1461 4529 proponere
1483 4450 1614 4531 ansusi)
1633 4453 1668 4512 in

390 4560 515 4624 ὀστακὸν
542 4558 713 4622 ἁλίπαστον.
744 4555 860 4632 Quidni
880 4553 969 4614 enim
1001 4569 1096 4614 caro
1120 4559 1362 4631 cancorina,
1387 4555 1473 4616 corio
1496 4555 1666 4629 exempta,

391 4664 481 4726 sole
516 4656 899 4737 conspergeretur?
941 4654 1027 4714 Num
1062 4655 1157 4716 hodie
1195 4657 1266 4717 sine
1301 4657 1371 4718 sale
1405 4672 1445 4718 ea
1479 4656 1667 4717 vescimur?

389 4767 588 4828 Rectissime
612 4764 712 4839 igitur
734 4759 940 4832 Athenaeus,
965 4757 1050 4830 quod
1073 4758 1172 4831 negat
1191 4757 1253 4834 Bi,
1275 4758 1416 4819 scribere
1437 4758 1559 4834 poluit,
1588 4757 1668 4818 haec
1772 4839 1775 4848 .

390 4868 549 4930 afferens:
573 4863 742 4926 ἁλιπάστων
765 4867 859 4939 κρεῶν
891 4859 1073 4935 μνημονεύει
1098 4891 1138 4902 -
1163 4857 1374 4938 Ἀριστομένης.

433 4969 628 5045 Neglexisse
657 4964 822 5027 Kockium
853 4960 1073 5021 Aristomenis
1091 4953 1263 5038 ‘Tloedpav
1286 4962 1491 5023 mentionem
1518 4962 1550 5022 in
1574 4961 1667 5036 Equi·

389 5075 463 5134 tum
485 5071 690 5147 Argumento
713 5062 842 5126 monuit
864 5058 914 5121 Bi.
