3718 5788
896 467 903 480 '
945 466 1008 526 162

314 653 365 716 Fr.
390 656 464 716 321.
500 657 600 718 Recte
635 658 795 732 Gomperz
832 660 895 733 (ap.
921 655 1035 733 Miller,
1061 657 1239 733 Melanges)
1271 655 1355 737 ἑτέρω
1381 674 1440 734 pro
1463 655 1577 736 ἐναίρω.
1603 657 1651 719 cf.

359 757 471 818 Nauck
494 760 566 820 Mel.
590 760 637 819 lli
663 761 744 833 145;
769 758 875 834 Oohn,
900 759 1013 820 Jahrb.
1039 759 1060 820 l.
1086 759 1169 819 Phil.
1198 761 1271 833 133,
1298 777 1328 836 p.
1355 762 1430 820 342.

314 859 366 921 Fr.
392 861 466 936 323,
495 861 522 920 1.
547 859 659 937 πάντα,
680 865 756 920 παῖ.
780 861 883 922 Koalr.
907 862 978 922 Non
1003 865 1093 922 recte
1117 861 1232 933 πάντας
1256 851 1297 921 εὖ
1322 861 1386 937 Bl.,
1411 877 1491 922 narn
1511 863 1650 937 iungen-

359 962 436 1022 dum
473 967 525 1023 est
559 962 638 1023 οὕτω
673 960 785 1041 φέρειν.
818 963 879 1023 Sed
916 963 1031 1023 malim
1057 961 1122 1022 τὸν
1153 967 1297 1040 πλοῦτον,
1326 979 1406 1025 nam
1436 964 1652 1026 incommode

359 1065 452 1124 abest
475 1065 645 1126 articulus.
671 1100 710 1108 -
737 1065 782 1125 Vs
808 1066 837 1124 2.
862 1064 947 1140 Lege
972 1057 1157 1144 yl<y>ver’.

316 1165 366 1228 Fr.
393 1167 468 1226 325.
496 1169 523 1226 l.
550 1166 666 1228 Cobet:

937 1265 1013 1346 πρὸς
1037 1266 1070 1327 τὸ
1094 1262 1203 1347 πρᾶγμ’
1230 1265 1285 1347 ἔχω
1310 1279 1409 1342 κακῶς

428 1371 459 1426 Β.
487 1369 553 1430 <οὐ
577 1365 716 1446 3οῦμ’>,
739 1365 936 1448 ἐπαριστέρως
961 1373 1145 1440 (accentum
1172 1372 1316 1432 correxit
1338 1371 1459 1444 Iacobi)
1482 1371 1539 1433 ντὲ.

362 1469 415 1530 VS.
440 1471 470 1531 8.
495 1471 543 1532 Bl.
568 1469 642 1531 ἀλλὰ
666 1473 777 1551 γίνεται
802 1473 881 1543 (imo
908 1471 1050 1552 γίγνεται)
1072 1467 1076 1550 Ι
1097 1469 1219 1550 ἀγαθὸν
1243 1466 1291 1531 ἀπ’
1317 1471 1411 1551 αὐτῆς
1434 1471 1485 1532 καὶ
1507 1468 1569 1553 μέγ’
1596 1475 1649 1534 vel

359 1566 495 1651 nappry'.
525 1573 723 1650 corruptum
755 1589 829 1635 esse
858 1573 963 1645 παῖδες
990 1573 1073 1634 mihi
1096 1574 1228 1647 quidem
1254 1576 1446 1649 neutiquam
1479 1579 1651 1652 persuasit

360 1672 466 1748 Kock,
501 1675 569 1736 irno
603 1690 646 1736 ex
677 1676 806 1751 vulgari
844 1675 1044 1736 Graecorum
1079 1677 1248 1736 sententia
1282 1676 1377 1737 liberi
1411 1678 1652 1738 existimantur

360 1775 553 1848 primarium
574 1779 778 1839 matrimonii
797 1779 1023 1854 commodum,
1046 1782 1080 1838 et
1098 1778 1181 1839 nihil
1194 1778 1306 1840 obstat
1318 1779 1382 1840 alio
1395 1780 1466 1850 loco
1478 1781 1653 1840 Menandri

362 1877 459 1954 (418),
489 1894 586 1952 quern
610 1881 758 1940 obmovit
783 1880 888 1955 Kock,
918 1883 1047 1956 patrem
1071 1880 1217 1954 aliquem
1242 1881 1314 1941 sive
1338 1882 1408 1942 iure
1431 1882 1503 1941 sive
1526 1882 1649 1941 iniuria

361 1979 426 2040 illio
454 1981 575 2041 iratum
599 1981 805 2042 exclamare:
838 1974 904 2041 οἷον
933 1979 965 2040 τὸ
989 1979 1131 2061 γενέσθαι
1155 1979 1267 2061 πατέρα
1291 1981 1410 2041 παίδων
1433 1973 1502 2059 ἦν..
1524 1981 1529 2062 Ι
1550 1985 1649 2059 λύπη,

361 2198 438 2244 nem
462 2199 571 2244 meam
590 2182 641 2243 riv
661 2178 760 2263 ἔχονθ’
786 2181 904 2260 ἑαυτὴν.
926 2217 968 2226 -
986 2185 1042 2244 Vs.
1071 2186 1121 2245 12.
1145 2185 1247 2245 Recte
1270 2185 1413 2245 tortasse
1437 2185 1525 2246 idem
1547 2184 1649 2263 περιέ-

361 2282 452 2344 στειλέ
485 2279 517 2344 τ’.
555 2287 610 2347 Vs.
646 2288 697 2346 14.
728 2277 761 2345 εὖ
793 2303 850 2362 pro
880 2294 941 2344 πᾶν
972 2285 1186 2360 probabiliter
1216 2286 1330 2363 Cobet,
1359 2287 1407 2348 Bi.
1432 2296 1554 2366 πρᾶγμα
1573 2297 1651 2362 πᾶν,

362 2389 433 2448 illm
461 2383 499 2446 ἂν
526 2383 558 2446 δὲ
581 2385 691 2470 βλέπῃς
711 2389 745 2448 F.
760 2388 810 2448 W.
825 2388 984 2448 Schmidt.
1011 2423 1051 2432 -
1076 2387 1133 2449 Vs.
1158 2390 1188 2449 6.
1207 2385 1465 2466 προσδοκωμένων
1489 2390 1637 2464 deprava

362 2491 445 2565 turn,
476 2489 533 2549 sed
554 2489 664 2563 procul
685 2489 782 2549 dubio
802 2506 866 2550 non
886 2490 969 2550 latet
988 2487 1248 2570 προστεθειμένον
1274 2506 1335 2551 nec
1348 2491 1651 2570 προσγεγενημένων,

362 2605 445 2662 quae
479 2593 630 2665 proponit
659 2592 721 2667 Bt,
754 2592 813 2652 sed
843 2592 1071 2653 necessarium
1103 2596 1154 2652 est
1177 2592 1262 2666 quod
1286 2594 1375 2652 recte
1399 2597 1584 2668 opponatur
1607 2605 1650 2677 τῷ

363 2695 521 2767 λυποῦντι,
541 2693 631 2753 velut
649 2694 889 2772 προσγελώννων.
909 2695 1187 2768 Antiquissimum
1209 2709 1283 2755 esse
1302 2694 1519 2769 corruptelam
1536 2699 1649 2756 oslen-

363 2793 446 2854 dunt
471 2810 523 2854 vv.
548 2795 581 2855 ll.
606 2791 867 2874 προσλερομένων,
889 2792 1151 2875 προσγενομένων,
1173 2793 1439 2874 προσλελεγμὲνων.

319 2895 370 2955 Fr.
396 2897 471 2972 327,
506 2899 524 2956 2
553 2911 600 2971 eq.
632 2897 681 2958 Bl.
717 2897 912 2976 παράστασιν,
947 2897 1019 2974 μίαν
1040 2893 1045 2978 Ι
1066 2897 1203 2975 δραχμήν
1236 2899 1379 2959 tortasse
1413 2902 1511 2959 reate.
1543 2901 1651 2960 Actor

363 2997 508 3059 liuellum
534 3000 634 3059 tradit
656 2999 819 3060 diaetetae
842 2999 1007 3074 simulque
1030 3000 1234 3076 parastasios
1257 3000 1394 3060 nomine
1417 3001 1625 3061 drachmam.

319 3100 370 3160 Fr.
394 3102 469 3176 328,
495 3103 524 3161 2.
548 3101 595 3161 De
618 3099 754 3160 ἀνοίσειν
778 3101 827 3162 Bi.
847 3105 1017 3177 praeterea
1037 3102 1091 3162 cit.
1112 3101 1205 3162 Dein.
1226 3102 1345 3177 pata,
1363 3103 1400 3160 11
1422 3105 1456 3162 et
1478 3103 1645 3182 1332,13.

320 3202 370 3261 Fr.
395 3204 470 3262 330.
495 3202 543 3263 Bl.
574 3197 632 3262 ἀλλ’
659 3201 696 3262 οὐ
720 3201 755 3260 τὰ
783 3210 894 3264 <τοῦ>
922 3202 992 3279 βίον
1020 3198 1058 3260 ’τι
1087 3201 1129 3261 νὼ
1154 3203 1203 3261 δεῖ
1221 3201 1394 3279 φροντίσαι,
1424 3201 1533 3263 deleto
1558 3201 1648 3280 ἴσως,

362 3305 447 3378 quod
482 3306 568 3365 unde
601 3308 717 3365 natum
748 3305 793 3364 sit
823 3319 886 3364 non
918 3304 1072 3378 explicat.
1097 3304 1134 3363 In
1158 3305 1283 3364 omisso
1306 3303 1444 3364 articulo
1468 3304 1589 3364 haereo
1612 3309 1648 3364 et

362 3407 444 3483 ipse,
470 3422 529 3466 nee
551 3405 741 3480 scrupulum
766 3404 880 3465 evellit
902 3405 940 3466 fr.
963 3407 1038 3481 410,
1057 3407 1090 3478 2,
1117 3406 1172 3478 qui
1191 3405 1296 3478 locus,
1319 3405 1374 3465 ubi
1394 3407 1470 3464 ante
1491 3404 1643 3467 Grotium

363 3512 433 3569 erat
455 3515 507 3567 τοῦ
531 3507 615 3586 βίον,
638 3522 719 3567 num
743 3507 783 3566 ab
808 3507 899 3566 ornni
923 3511 1015 3581 parte
1040 3521 1142 3566 sanus
1166 3506 1212 3566 sit
1235 3506 1357 3565 dubito.
1378 3506 1477 3566 Venit
1500 3507 1533 3565 in
1552 3521 1645 3566 men·

289 3599 296 3616 ⁸
362 3613 449 3671 tern:
485 3604 544 3668 ἀλλ’
581 3607 618 3668 οὐ
642 3603 717 3667 τάδ’
744 3609 794 3679 (cf.
819 3607 979 3668 Prisciani
1003 3608 1124 3678 locum)
1148 3607 1247 3667 οὕτω
1271 3607 1336 3678 (νοί
1358 3605 1400 3666 τὰ
1423 3607 1567 3667 τούτου
1591 3608 1644 3668 νώ

362 3706 398 3789 γ’)
422 3711 492 3782 ἴσως
515 3711 565 3770 δεῖ
581 3709 747 3786 φροντίσαι.
773 3710 834 3769 Sed
858 3709 994 3770 brevius
1016 3712 1068 3770 est
1090 3709 1315 3783 fragmentum
1339 3723 1438 3782 quam
1463 3710 1550 3782 quod
1569 3712 1645 3770 tuto

362 3819 540 3874 tentemus

318 3917 368 3976 Fr.
390 3918 454 3977 335
478 3916 560 3976 bene
580 3915 809 3976 constitutum.
831 3914 965 3974 inutilia
985 3913 1108 3988 profert
1120 3913 1168 3974 Bl.
1185 3912 1276 3972 Idem
1291 3911 1379 3972 valet
1389 3912 1429 3998 de
1442 3912 1644 3986 fragmentis

363 4019 437 4091 339,
464 4019 539 4091 342,
566 4018 642 4076 343.

318 4118 367 4178 Fr.
393 4120 468 4194 336,
495 4120 523 4177 2.
548 4117 656 4177 Verba
678 4112 717 4186 ὡς
741 4111 778 4173 ἅν
795 4137 890 4186 -νις
912 4113 1013 4175 Cobet
1036 4113 1242 4175 Menandreis
1266 4114 1390 4174 addidit
1413 4114 1480 4174 iarn
1501 4129 1531 4174 a.
1556 4115 1641 4175 1854

362 4219 416 4278 diu
447 4222 523 4279 ante
547 4217 762 4292 Madvigium,
787 4218 825 4275 ut
848 4215 978 4276 monuit
1002 4215 1123 4276 Nauclr.

318 4320 368 4379 Fr.
393 4321 468 4395 345,
497 4324 524 4380 1.
544 4319 753 4380 Afllrmative
770 4317 894 4376 dictum
916 4333 989 4376 esse
1009 4317 1150 4376 fortasse
1169 4319 1257 4377 recte
1277 4321 1390 4377 monet
1410 4317 1459 4380 Bl.
1474 4351 1512 4360 —
1533 4317 1589 4376 Vs.
1610 4317 1640 4376 2.

361 4420 493 4481 Comioo
535 4420 679 4480 sermoni
717 4419 825 4493 magis
860 4419 1036 4478 conveniat
1071 4414 1250 4495 ἐνεπλήμην.
1285 4419 1392 4479 Mente
1426 4417 1641 4493 repetendum

361 4520 487 4582 πώποτε.
511 4523 575 4582 Vix
593 4536 674 4596 opus
693 4519 874 4594 ingeniosis
893 4519 1012 4580 Naberl
1032 4519 1273 4595 supplementis
1295 4513 1638 4598 <μὰΔ1ὀύνέρωγ’·>

361 4621 397 4682 οὐ
429 4621 485 4699 γὰρ
515 4620 706 4698 ἐνεπλήσθην
743 4621 928 4680 (nouom.
953 4653 991 4661 -
1027 4620 1082 4679 VS.
1109 4622 1138 4680 8.
1170 4620 1367 4682 Rectissime
1398 4619 1488 4680 Kock
1517 4621 1641 4695 recepit

361 4725 524 4798 Heringae
555 4723 792 4797 coniecturam,
825 4736 885 4781 nec
910 4721 1110 4781 haerendum
1136 4737 1209 4782 curn
1235 4721 1283 4782 Bl.
1307 4723 1342 4781 in
1365 4721 1446 4781 dura
1468 4723 1641 4797 anapaesti

361 4826 532 4900 incisione,
560 4839 643 4900 quae
667 4824 801 4883 nornine
825 4823 954 4896 proprio
978 4823 1062 4882 satis
1087 4825 1274 4884 excusatur.

317 4926 368 4987 Fr.
394 4929 468 5003 355,
495 4929 524 4986 3.
560 4927 648 4985 Bene
683 4924 845 4984 Headlam
879 4917 949 4981 καθ’
986 4919 1040 4993 οὓς
1072 4928 1204 4994 κρινεῖ
1230 4921 1264 4982 τὰ
1294 4916 1436 5004 πράγματ’
1470 4919 1507 4981 οὗ
1536 4931 1640 5000 χρῆται

361 5028 478 5106 νόμοις,
501 5027 559 5088 sed
583 5025 699 5086 malim
724 5027 841 5100 etiam,
867 5025 944 5098 quia
967 5024 1118 5099 displicet
1142 5025 1340 5101 asyndeton,
1369 5021 1502 5088 <κντά>
1529 5019 1558 5080 θ’
1586 5019 1640 5096 οὓς
