3748 5792
968 498 1030 558 116

376 689 501 750 Jacobii
532 689 699 758 Iudicem).
731 687 918 762 Respondet
941 689 1051 747 autem
1078 685 1183 748 altera
1205 701 1347 762 persona
1368 686 1398 746 τί
1417 687 1474 767 γάρ
1496 704 1528 746 σε
1551 688 1652 747 uoltu

378 789 460 861 (scil.
492 789 718 869 διαρραγῆναι);
755 804 853 862 quem
888 789 997 849 iocum
1033 788 1193 849 Anaxilas
1226 788 1323 850 debet
1356 789 1570 864 Aristophani
1598 789 1652 864 liq.

379 894 444 953 340
467 909 549 968 sqq,
583 893 637 952 ubi
667 892 787 952 chorus
818 891 1023 966 Agoracrito,
1056 889 1111 964 qui
1135 889 1246 952 Cleoni
1270 891 1427 952 clamanti
1450 889 1531 968 οἴμοι
1554 889 1652 968 διαρ-

378 993 602 1074 ραγήσομαι
636 994 827 1068 imprudens
862 992 1077 1068 responderat
1110 989 1161 1052 nol
1195 992 1256 1070 μήν
1290 988 1317 1051 o’
1355 990 1411 1072 ἐγὼ
1446 991 1484 1054 οὐ
1518 991 1654 1071 παρήσω,

379 1093 577 1157 succlamat:

555 1196 647 1276 πάρες
670 1194 762 1274 πάρες
785 1193 860 1274 πρὸς
882 1203 942 1254 τῶν
967 1200 1049 1255 θεῶν
1071 1194 1152 1279 αὐτῷ
1177 1194 1456 1284 διαρραγῆναι.

377 1299 466 1361 Duos
496 1314 613 1360 versus
643 1299 831 1374 sequentes,
864 1297 937 1358 coll.
968 1297 1007 1358 ir.
1033 1297 1085 1374 31,
1112 1299 1130 1357 2
1154 1313 1214 1374 sq,
1245 1298 1312 1358 iarn
1336 1297 1416 1359 olim
1441 1300 1555 1359 monui
1577 1298 1608 1357 h.
1629 1295 1651 1357 l.

378 1401 534 1462 delendos
557 1416 642 1462 esse.

333 1502 384 1564 l'r.
417 1504 471 1580 33,
506 1505 524 1562 2
556 1505 681 1563 temere
712 1499 870 1562 sollicitat
900 1501 960 1577 el,
993 1501 1167 1575 quisse
1199 1516 1329 1562 mecum
1362 1501 1443 1577 legit
1468 1495 1653 1580 ἐγκαθή-

378 1625 474 1681 μενος.
500 1637 540 1648 -
565 1603 621 1664 Vs.
647 1605 678 1664 4.
711 1603 834 1663 Sanum
865 1603 996 1663 videtur
1024 1601 1133 1680 πυρόν,
1162 1603 1304 1666 tritici
1327 1618 1514 1678 granum.
1538 1601 1653 1662 Naberi

377 1706 585 1766 coniecturae
611 1702 701 1782 τυρόν
725 1704 782 1762 vix
805 1703 889 1764 satis
913 1719 1093 1778 congruum
1118 1707 1169 1765 est
1192 1701 1287 1782 λέμμα
1309 1719 1359 1764 vs.
1384 1705 1414 1778 2,
1439 1706 1473 1764 et
1495 1704 1570 1776 quid
1592 1703 1653 1763 sibi

378 1805 459 1867 velit
478 1805 643 1880 Blaydesii
661 1811 756 1883 γῦρον
775 1803 885 1876 (κενόν)
906 1804 988 1864 mihi
1012 1805 1188 1866 obscurum
1212 1809 1273 1867 est.
1300 1839 1340 1850 -
1361 1806 1418 1866 Vs.
1440 1807 1470 1866 5.
1491 1800 1507 1862 ὁ
1531 1798 1558 1862 d’
1583 1801 1653 1862 ἕνε-

377 1928 443 1986 ριις
465 1906 590 1984 παχύς
609 1906 697 1966 idem
716 1907 787 1966 sine
806 1907 1022 1982 necessitate,
1047 1921 1125 1967 nam
1153 1907 1271 1968 dicitur
1297 1908 1434 1976 vermis.
1467 1921 1532 1967 uno
1556 1921 1652 1967 exeso

377 2024 492 2084 grano,
518 2023 631 2069 morsu
650 2011 804 2083 appetere
828 2006 942 2068 alium.

335 2111 385 2170 Fr.
412 2111 464 2170 35.
569 2093 572 2100 ’
979 2105 1029 2168 καὶ
1052 2117 1116 2181 πῶς
1138 2109 1230 2189 γυνή,

644 2210 741 2287 ὥσπερ
765 2209 912 2285 θάλαττα,
935 2217 1030 2287 νῆσον
1054 2207 1270 2288 &optimorum

376 2314 531 2388 Logicum
556 2313 590 2372 in
614 2313 675 2374 hoc
693 2313 764 2374 ioco
783 2314 916 2388 vitium,
938 2313 1023 2387 quod
1043 2313 1187 2374 advertit
1207 2313 1381 2388 editorem,
1403 2326 1519 2388 graece
1537 2311 1654 2372 melius

377 2414 502 2476 celatur
524 2429 623 2488 quam
647 2414 809 2476 celaretur
832 2415 865 2474 in
890 2414 1012 2489 linguis
1035 2415 1215 2492 hodiernis,
1240 2415 1317 2488 quia
1339 2410 1538 2490 ἀμφιέννυται
1556 2413 1655 2473 simul

377 2517 498 2592 duplici
529 2518 576 2593 vi,
608 2517 744 2591 passiva
773 2519 807 2576 et
838 2517 960 2592 media,
992 2516 1150 2592 iungitur.
1182 2516 1315 2576 Θάλαττα
1339 2523 1433 2592 νῆσον
1457 2511 1650 2590 ἀμφιέννυται

378 2620 540 2694 (passive),
571 2615 650 2696 νυνι)
679 2640 707 2676 ν.
731 2615 758 2676 ἀ.
791 2619 930 2690 (medie).
963 2618 1133 2694 Exemplis
1163 2619 1364 2679 comicorum
1396 2618 1427 2677 h.
1458 2615 1479 2677 l.
1511 2617 1654 2677 illustrat

377 2720 425 2780 Bl.
446 2736 517 2796 pag.
542 2721 614 2780 147.
630 2754 670 2762 -
684 2720 718 2780 il.
732 2720 848 2780 Plauto
867 2719 1109 2794 quadamtenus
1129 2720 1314 2795 comparari
1331 2721 1441 2795 potest
1453 2719 1651 2779 Menaechrn.

378 2823 439 2880 231
468 2822 504 2882 R.
531 2823 606 2896 An,
632 2822 754 2896 quasi
777 2837 910 2898 mare,
935 2821 1073 2883 omnis
1097 2822 1330 2882 circuimus
1355 2820 1545 2881 insulas?

333 2923 384 2982 Fr.
410 2924 464 2983 36.
644 2919 679 2981 τὰ
703 2918 734 2982 δὲ
758 2915 846 3000 σφύρ’
872 2921 942 3006 ᾤδει
965 2926 1077 3000 μᾶλλον
1100 2920 1120 3002 ἢ
1143 2921 1246 2994 σικυὸς
1268 2919 1381 2982 πέπων.

377 3024 545 3084 Incertum
580 3026 631 3083 est
665 3025 776 3085 utrum
808 3025 890 3085 haec
921 3025 1021 3085 verbe
1049 3025 1088 3086 de
1118 3025 1296 3100 hydropico
1327 3024 1414 3085 dicta
1443 3024 1511 3084 sint
1543 3038 1583 3084 an
1614 3024 1654 3084 de

376 3124 498 3198 Oedipo
528 3124 562 3184 in
594 3126 763 3186 comoedia
793 3125 934 3186 fabulosi
964 3126 1168 3203 argumenti,
1201 3127 1238 3185 ut
1268 3124 1444 3185 Anaxilam
1472 3123 1584 3184 Oircen
1621 3126 1655 3184 et

376 3225 594 3301 Calypsonem
619 3227 652 3286 et
674 3226 815 3286 fortasse
839 3226 980 3287 Nereum
1004 3229 1177 3304 scripsisse
1202 3226 1435 3301 comperimus.
1458 3226 1530 3285 lnro
1553 3226 1652 3288 etiam

376 3327 439 3388 dici
472 3329 650 3401 potuerunt
684 3327 723 3387 de
757 3327 895 3388 muliere
931 3330 1041 3389 nescio
1072 3345 1135 3403 qua
1168 3328 1343 3389 libidinosa
1376 3328 1508 3403 propter
1537 3329 1651 3388 notum

376 3429 583 3504 proverbium

642 3525 661 3608 ἡ
685 3527 724 3589 τὼ
748 3529 854 3607 σφνρὼ
878 3535 984 3608 παχεῖα
1008 3529 1116 3609 μισητὴ
1140 3530 1226 3612 γυνή.

375 3633 510 3693 Numeri
533 3647 598 3693 non
622 3631 757 3693 obstant
779 3632 956 3706 quominus
979 3634 1198 3708 suspicemur:

641 3731 688 3793 τὼ
712 3728 968 3817 dispositrici
993 3731 1049 3793 ort.

376 3843 410 3896 ut
435 3833 631 3918 ἕγφχόμην
654 3838 710 3896 Ar.
736 3834 820 3895 licei.
846 3837 920 3896 500.
947 3836 1009 3897 Sed
1033 3837 1176 3898 fortasse
1200 3835 1341 3896 seriores
1363 3833 1468 3894 Attici
1492 3831 1650 3892 induciis

375 3953 435 3997 usu
459 3937 593 3998 luerunt
615 3937 727 3997 minus
751 3935 926 4011 diligentes
950 3953 1048 4011 quam
1074 3937 1286 4011 antiquiores.

329 4037 380 4097 Fr.
406 4038 457 4098 38.
481 4031 565 4114 τήνδ’
593 4053 650 4114 pro
673 4035 727 4113 τὴν
752 4051 884 4097 mecum
908 4038 1061 4112 Blaydes.

329 4139 379 4198 rr.
405 4140 457 4198 40.
638 4135 687 4198 eol
710 4138 809 4197 πίνειν
833 4135 862 4210 ἐξ
888 4135 1059 4217 ἀργυρίδων
1083 4147 1209 4217 χρυσῶν.

373 4239 464 4299 Kock
498 4239 658 4315 ,fortasse
689 4236 739 4298 col
766 4237 804 4316 δὴ
827 4229 999 4314 ’Μαίηε1α;
1033 4241 1144 4314 quidni
1171 4238 1221 4300 aci
1245 4241 1333 4300 dci?”
1358 4236 1486 4299 Addere
1509 4237 1647 4313 possim:

372 4340 484 4413 quidni
511 4338 618 4401 otides?
648 4341 696 4401 Bl.
735 4338 786 4399 καὶ
824 4341 1043 4416 <δια>ιιίυειν,
1073 4345 1110 4401 111
1140 4344 1286 4403 metrum
1317 4342 1362 4401 sit
1392 4339 1648 4414 anapaesticum.

373 4440 460 4501 Certi
483 4441 566 4501 nihil
589 4442 628 4502 de
652 4443 774 4502 talibus
798 4442 860 4502 dici
884 4445 1003 4517 potest.

329 4543 379 4602 Fr.
404 4543 457 4602 41.
485 4544 545 4601 BA
570 4544 646 4619 408,
672 4544 692 4603 9
716 4547 750 4605 et
774 4543 908 4603 Suidas:

550 4641 790 4720 ἀντίκρισις·
816 4641 882 4703 ἀντὶ
905 4652 958 4704 τοῦ
984 4643 1149 4722 ἀπόκρισις.
1174 4645 1268 4717 οὕτως
1293 4644 1451 4716 Ἀναξίλας.

371 4745 420 4804 Ex
439 4744 571 4805 Polluce
590 4745 633 4804 IV
656 4747 728 4821 113,
751 4762 848 4820 quem
869 4747 1017 4821 neglexit
1034 4749 1148 4823 editor,
1167 4749 1304 4823 apparet
1321 4748 1373 4822 agi
1391 4746 1429 4806 de
1441 4743 1649 4818 responsione

371 4849 519 4907 actorum
551 4847 584 4906 in
615 4862 728 4922 scene,
761 4863 827 4908 non
857 4849 967 4908 hercle
997 4850 1030 4908 in
1064 4851 1133 4911 vita
1162 4850 1365 4924 quotidiana,
1392 4847 1446 4906 ubi
1469 4858 1646 4918 numquam

370 4947 418 5007 sic
451 4947 515 5007 dici
549 4948 667 5022 potuit.
703 4948 785 5008 Rem
821 4949 887 5008 iarn
923 4965 988 5010 non
1019 4949 1158 5011 latuisse
1189 4952 1284 5012 video
1315 4951 1349 5010 L.
1381 4942 1584 5007 Diodoriium
1617 4945 1648 5003 in

369 5048 537 5110 Thesauro
559 5063 586 5109 s.
610 5064 653 5122 ν,
677 5049 732 5121 qui
756 5051 870 5108 tamen
893 5051 1018 5110 erravit
1041 5066 1098 5126 pro
1122 5049 1278 5130 ἀπόκρισις
1300 5051 1467 5124 corrigens
1486 5042 1649 5124 ὑπόκρισις.
