3778 5796
992 477 1034 537 82

396 664 672 726 verisimiliorem.
705 663 803 726 (terta
833 663 994 738 quaedam
1023 665 1075 724 est
1105 663 1138 722 in
1162 679 1196 724 re
1220 663 1335 724 critica
1356 664 1548 740 methodus,
1573 677 1675 739 quam

396 767 497 828 nimis
519 765 691 841 neglegere
714 765 799 826 solet
822 765 872 825 vir
895 765 1217 841 praestantissimus,
1243 766 1394 826 mutandi
1417 767 1530 827 omnia
1548 781 1605 842 per
1621 767 1675 826 las

396 871 431 928 et
452 868 545 929 netas
568 867 701 928 libidine
725 867 880 928 continuo
904 865 1073 942 abreptus.

352 971 404 1031 Fr.
430 971 505 1031 897.
525 967 751 1047 δυεττίττληκτος,
773 970 907 1044 Legitur
925 969 999 1029 Eur.
1014 970 1066 1030 Or.
1087 969 1166 1044 922,
1187 984 1289 1044 quare
1310 965 1444 1041 Εὔπολις
1456 970 1490 1030 in
1504 968 1675 1046 Εὐριπίδης

351 1125 355 1132 .
397 1073 519 1132 mutari
540 1072 631 1133 iubet
653 1071 775 1132 Nauck.
799 1073 843 1131 At
866 1071 977 1146 quidni
1001 1071 1134 1146 Eupolis
1157 1071 1273 1132 eodem
1297 1071 1456 1135 vocabulo
1475 1073 1583 1148 potuit
1601 1073 1676 1132 uti?

352 1175 403 1235 l'r.
427 1175 503 1236 407.
539 1172 818 1250 δαμαρίιιτιεως
856 1173 924 1233 iam
962 1172 1027 1248 legi
1064 1173 1149 1248 apud
1176 1171 1439 1234 Olroeroboscum
1473 1190 1515 1236 ex
1550 1174 1672 1235 Theod.

397 1293 427 1351 p.
452 1277 527 1350 261,
553 1277 594 1336 25
619 1277 732 1336 monet
754 1274 878 1336 Nauck.

286 1453 291 1464 .
352 1378 404 1438 Fr.
428 1377 504 1438 408.
537 1377 610 1452 „Sic
640 1376 812 1454 Χολοζύγης
843 1391 900 1450 pro
930 1374 1099 1453 Βουζύγης,
1129 1375 1355 1452 Κολακώνυμος
1385 1393 1443 1453 pro
1478 1375 1675 1452 Κλεώνυμος,

397 1477 686 1554 Ἀνδροκολωνοκλῆς
724 1493 782 1553 pro
817 1476 1007 1553 Ἀνδροκλῆς,
1038 1477 1357 1554 Κολακοφοροκλείιλης
1392 1493 1449 1551 pro
1477 1471 1671 1554 Ἵεροκλείδης

394 1585 456 1642 eto.
473 1579 520 1640 (ll.
540 1579 652 1655 Eupol.
669 1580 769 1641 3⁹3?
792 1579 855 1654 Bi,
882 1593 966 1654 quae
989 1579 1107 1642 multia
1130 1580 1316 1640 temerariis
1340 1581 1538 1640 coniecturis
1561 1579 1675 1640 utilior

396 1687 447 1745 est
470 1682 649 1743 adnotatio.

351 1787 403 1847 Fr.
427 1788 502 1847 412.
527 1779 652 1860 ἐμετικολ
675 1798 733 1859 pro
756 1781 852 1860 ἔμετοι
874 1783 1104 1858 grammaticis
1127 1782 1330 1843 reddendum
1354 1784 1449 1857 putat
1471 1782 1519 1843 Bl.

350 1888 401 1948 Fr.
425 1888 501 1947 413.
525 1883 681 1961 ἐμνήσατο.
708 1886 790 1960 „Pro
813 1881 966 1962 ἐμνήσθη,
988 1887 1026 1945 ut
1049 1885 1214 1945 videtur.”
1238 1885 1286 1945 Bl.
1308 1884 1424 1948 Melius
1443 1885 1556 1946 Nauck
1575 1885 1673 1947 alfort

394 1990 487 2050 Pnot.
518 2003 548 2063 p.
579 1989 644 2048 426
674 1989 722 2048 ed.
755 1987 835 2048 Nab.
860 1986 1078 2063 μνώμενος·
1109 1987 1357 2064 μυηοτεύομευος·
1381 1985 1432 2046 καί
1456 1985 1671 2064 ἐμνήσατο·

392 2089 617 2168 ἐμνηστεύσατο.
646 2087 786 2160 dimotae.
809 2089 903 2150 Unde
925 2089 1045 2152 erroris
1069 2089 1275 2150 convincitur
1299 2088 1436 2164 anglus.

349 2195 401 2255 Fr.
426 2193 501 2254 427.
524 2187 705 2252 itinerante
729 2192 893 2252 Kockiurn
917 2191 1076 2252 Mainake.
1100 2190 1147 2252 (ll.
1172 2191 1285 2252 Nauck
1312 2189 1369 2252 l.l.

349 2295 400 2356 Fr.
425 2295 500 2354 428.
527 2293 626 2353 Recte
649 2291 796 2370 λείβηθρα
820 2292 966 2368 postulat
988 2292 1050 2366 BL,
1076 2295 1114 2352 ut
1136 2289 1337 2370 στέργηθρον,
1359 2289 1532 2371 θέλγητρον.

349 2397 400 2456 Nr.
425 2396 500 2455 438.
525 2394 644 2456 Annon
668 2394 858 2468 Πράξιλλοςθ
881 2393 930 2454 Bl.
955 2393 1034 2468 Quis
1056 2394 1191 2454 credat?

349 2501 400 2560 l'r.
425 2499 501 2559 439.
525 2493 727 2566 σακειτ>τός
751 2497 840 2556 recte
863 2494 1035 2555 Headlam.
1060 2495 1139 2555 Post
1161 2495 1191 2554 Κ
1214 2494 1338 2555 excidit
1359 2493 1409 2556 10.
1434 2495 1550 2556 Nelius
1568 2512 1669 2571 quarn

393 2601 442 2661 Bl.
466 2595 673 2668 οα<κω>τός.

436 2699 600 2776 Eupolidis
623 2698 821 2772 fragmentis
845 2700 1013 2772 praeterea
1034 2701 1245 2760 accesserunt
1263 2699 1344 2759 haec
1362 2698 1426 2760 duo
1444 2713 1461 2759 e
1484 2698 1676 2762 Philetaero

392 2804 465 2864 vat.
490 2800 709 2872 (coboldus.
734 2799 794 2860 ltu.
822 2800 907 2860 1188
928 2814 958 2874 p.
983 2800 1077 2870 alil:

436 2919 465 2966 a.
501 2900 545 2962 ὅτι
574 2899 744 2974 πυξίδας
775 2900 827 2970 (cf.
859 2900 948 2962 Suid.
981 2915 1007 2960 8.
1033 2916 1064 2961 v.
1096 2896 1196 2970 ὁπλαὶ)
1228 2898 1284 2960 οὐκ
1315 2898 1416 2980 ἔλεγον
1446 2895 1505 2960 ἀλλ’
1542 2900 1671 2977 ἱμάντας

390 3007 524 3076 (cestus)

611 3101 777 3180 ἱμάντας
800 3099 875 3180 ἥξω
899 3101 1016 3180 δεῦρο
1039 3101 1254 3174 πυκτικοὺς
1277 3100 1375 3180 ἔχων

389 3202 471 3285 παρὰ
493 3214 532 3287 τῷ
559 3202 706 3264 Εὐπόλιδι
730 3206 764 3264 et

431 3307 462 3368 b.
577 3303 637 3365 ἔστι
660 3301 693 3364 tl
715 3302 766 3364 καλ
789 3300 836 3363 iol
859 3311 918 3364 τῶν
941 3300 1116 3382 ἀνθρώπων
1138 3303 1171 3364 τὸ
1194 3303 1326 3383 τρώγειν.
1353 3301 1486 3376 Εὔπολις

661 3405 668 3420 ”
1053 3402 1125 3465 κᾶν
1150 3403 1242 3489 ττοίςλ
1265 3405 1380 3466 πόλει

520 3515 730 3578 τοιοῦτο<ς
753 3501 829 3566 ὢν)
859 3504 898 3566 τὸ
922 3503 1094 3584 μέγεθος
1120 3505 1240 3585 ι’γθλις
1264 3507 1468 3586 τρώγεται;

387 3613 499 3687 μᾶλλον
523 3605 554 3670 δὲ
578 3605 626 3668 lul
649 3617 708 3668 τῶν
730 3607 927 3685 τραγημάτων
950 3616 1077 3684 χρῶνται
1101 3606 1133 3668 τὸ
1157 3607 1288 3688 τρώγειν.

341 3713 393 3774 Fr.
417 3715 482 3774 456
505 3712 593 3772 inter
615 3711 773 3785 adespota
796 3708 1023 3770 collocandum
1046 3709 1149 3770 fuisse
1173 3711 1304 3771 monuit
1325 3710 1448 3772 Nauck.
1473 3713 1511 3772 ln
1533 3712 1572 3774 ir.
1597 3715 1665 3774 455

386 3828 461 3874 cum
492 3812 619 3874 Nabero
650 3809 859 3871 scribendum
890 3825 964 3870 esse
987 3808 1096 3886 κρίμνη
1119 3826 1176 3886 pro
1198 3809 1317 3888 κρήμνη
1341 3811 1388 3870 ait
1410 3813 1512 3887 idern,
1535 3812 1575 3873 de
1598 3827 1666 3887 quo

385 3913 549 3975 tralaticio
573 3912 780 3974 librariorum
806 3925 915 3972 errore
938 3911 1072 3986 saepius
1095 3911 1147 3985 egl
1171 3913 1306 3987 etipse.

345 4083 605 4196 eurynome.
632 4116 660 4174 1.

631 4211 726 4291 ὄνομα
750 4210 783 4272 δέ
805 4236 843 4298 τῳ
866 4207 942 4274 τοῦτ’
967 4204 1007 4290 ἦν
1030 4211 1145 4274 ἔσωθεν
1168 4223 1226 4294 γῆν
1249 4238 1278 4276 τε
1302 4215 1342 4294 μὴ

628 4313 699 4375 ἔστω
723 4313 849 4392 φιάλτης
873 4311 1082 4393 ἀνδραγαθίας
1105 4315 1216 4376 οὕνεκα

628 4414 669 4476 ἔτι
692 4412 813 4486 δαιαλὰς
836 4414 947 4494 χρηστὰ
970 4419 997 4474 λ’
1022 4413 1195 4494 ἀπωλόμην.

383 4519 490 4580 Verba
523 4518 590 4579 lere
625 4518 797 4593 desperata
831 4517 937 4594 Kock‚
971 4517 1156 4593 vituperata
1185 4519 1358 4582 leuissima
1379 4524 1414 4584 L.
1438 4522 1594 4584 Diodorili
1625 4527 1662 4585 et

383 4619 535 4682 Neinekii
557 4619 640 4680 coni.
664 4623 724 4690 (vs.
741 4623 769 4690 1)
792 4616 831 4696 ἥν
853 4640 883 4678 τε
906 4622 998 4680 nodo
1021 4613 1044 4697 γ’
1067 4615 1105 4696 ἢν
1129 4641 1157 4679 τε
1180 4621 1236 4698 μή,
1266 4639 1348 4696 quae
1372 4639 1488 4687 omnes
1507 4625 1661 4686 veritatis

382 4736 537 4784 numeros
561 4721 681 4782 habere
704 4721 844 4796 videtur,
869 4721 938 4795 ipse
962 4719 1202 4783 violentissime
1225 4726 1258 4784 et
1282 4726 1480 4800 pravissime
1502 4728 1626 4786 tentat:

628 4817 725 4898 ὄνομα
748 4815 774 4880 δ’
801 4817 866 4897 δμολ
889 4815 980 4896 ταῦτ’,
1002 4817 1041 4898 ἢν
1064 4821 1141 4882 κάτω
1165 4817 1186 4882 τ’
1213 4816 1236 4884 ὦ
1259 4822 1317 4884 κᾶν
1339 4823 1414 4903 λίνω,

627 4919 705 4982 ἐστίν
725 4915 885 4998 Ἐφιάλτης
908 4918 1117 5000 ἀνδραγαθίας
1141 4922 1252 5000 εἵνεκα,

627 5017 691 5100 dtur}
711 5015 831 5098 ἰτιήλας
849 5015 993 5099 Ἡρακλεῖ
1012 5021 1171 5100 διωλδμην.
