3718 5788
968 485 1031 544 206

339 675 389 734 Fr.
415 673 489 734 283.
522 672 556 731 Si
593 673 681 732 recte
718 656 893 750 καταγελᾶτε
924 671 1083 733 adversus
1114 687 1168 733 me
1196 673 1349 734 tuebatur
1380 673 1486 750 Koclr,
1527 689 1655 736 consen·

384 779 518 836 laneum
553 777 605 834 est
638 773 772 834 Aetolos
806 776 971 851 καταγελᾶν
1003 777 1117 834 contra
1153 789 1251 834 usum
1283 776 1419 836 atticum
1451 791 1527 836 cum
1551 777 1656 838 dativo

383 875 606 950 coniunxisse,
649 878 686 934 ut
726 874 834 935 facere
868 874 952 936 solet
983 875 1182 951 Herodotus,
1219 876 1311 936 cuius
1344 876 1434 937 locos
1469 877 1532 938 lruc
1567 881 1655 953 perti·

382 980 498 1038 nentes
522 976 640 1036 iuiuria
663 975 855 1036 sollicitavit
879 975 989 1038 Cobet.

338 1081 388 1141 Fr.
414 1080 489 1139 287.
521 1079 695 1152 Anonymo
727 1077 826 1138 Arist.
857 1077 958 1138 Belrlr.
982 1078 1086 1139 altero
1110 1077 1180 1138 loco
1204 1095 1221 1139 e
1245 1079 1350 1153 priore
1374 1079 1421 1140 Bl.
1447 1079 1657 1157 διαπορητικὸν

382 1181 487 1242 reddit
516 1195 573 1254 pro
608 1177 836 1255 ἐπαπορητικόν.
871 1179 1011 1239 Facilior
1045 1182 1158 1239 tamen
1193 1181 1351 1240 correctio
1386 1182 1438 1240 est
1468 1178 1655 1258 οἰπορηιιιιόν.

381 1282 465 1343 Utut
489 1282 553 1356 est,
579 1281 613 1339 in
636 1280 706 1355 ipso
731 1279 917 1354 fragmento
935 1280 1120 1354 elegantius
1139 1283 1192 1341 est
1207 1281 1365 1342 traditum
1386 1279 1444 1358 ripa
1464 1297 1564 1356 quam
1577 1283 1657 1358 quod

382 1383 430 1446 Bl.
455 1381 613 1443 substitui
636 1381 725 1441 iubet
747 1380 838 1455 πάρα.

337 1485 388 1546 Fr.
403 1485 478 1544 288.
499 1483 616 1544 Pollux
627 1483 658 1541 II
671 1483 714 1543 35
733 1478 784 1539 καλ
802 1478 1037 1557 έιμήσασθαι
1057 1477 1090 1540 δέ
1109 1479 1163 1558 τὴν
1183 1481 1280 1560 κόμην
1300 1482 1332 1542 τὸ
1352 1493 1539 1563 καταρχῶσαι
1562 1483 1658 1562 ἔλεγον

1000 1580 1054 1658 τὴν
1077 1581 1176 1659 κόμην
1199 1579 1393 1661 ἡψήσατο.

382 1685 517 1746 Diiilcile
547 1686 635 1746 dictu
659 1688 723 1759 est,
763 1684 925 1759 quomodo
960 1683 1045 1744 sibi
1076 1700 1254 1760 coquere
1286 1686 1347 1746 lroc
1376 1701 1477 1747 sensu
1509 1689 1656 1762 usurpari

381 1789 533 1864 potuerit.
565 1788 632 1846 Aut
662 1785 766 1860 fallor,
796 1788 853 1845 aut
883 1787 1138 1860 grammaticum
1170 1786 1298 1861 decepit
1321 1792 1474 1863 corrupta
1498 1788 1595 1849 lectio
1618 1805 1655 1849 ex

382 1887 569 1964 ἐψήσαπο,
592 1887 676 1947 sibi
701 1885 920 1961 infricuit,
944 1886 1111 1947 iniecit.

336 1991 387 2050 Fr.
412 1991 487 2064 294,
516 1991 543 2049 1.
570 1989 639 2049 Non
665 1990 840 2048 contentus
863 1988 1094 2048 emendatione
1118 2003 1194 2048 mee
1217 1991 1349 2064 recepta
1372 2005 1392 2050 a
1414 1990 1539 2051 Kockio
1562 1990 1654 2068 κυρία.

380 2113 438 2150 νον
461 2106 519 2165 pro
542 2089 668 2162 κυλίων,
697 2090 745 2149 Bl.
775 2089 926 2164 proponit
949 2087 1111 2166 διακυκῶν,
1133 2091 1290 2164 producto
1314 2091 1402 2151 brevi
1427 2092 1531 2152 vocali
1556 2093 1596 2152 o!
1614 2123 1654 2133 -

380 2193 526 2268 Longino
550 2191 590 2252 de
611 2191 695 2251 subl.
720 2191 750 2264 3,
775 2191 795 2249 4
820 2190 901 2250 bene
925 2191 1012 2251 idem
1035 2190 1142 2251 reddit
1163 2190 1205 2263 εἰς
1232 2190 1323 2254 <αὸ>
1349 2192 1490 2271 ῥωπικόν.

336 2293 388 2352 Fr.
413 2293 487 2354 293.
513 2290 593 2351 (loll.
617 2291 672 2351 Ar.
697 2290 778 2350 Nub.
807 2291 901 2366 1168,
927 2290 1005 2351 olim
1029 2291 1133 2351 suasi:

568 2385 642 2466 εἶτα,
666 2390 766 2466 φίλος,
789 2389 861 2468 έχεις
886 2396 1014 2470 γυναῖκα
1039 2391 1179 2470 σχοινίων
1202 2392 1425 2472 πωλουμένων;

380 2511 421 2554 ex
445 2496 515 2570 ipso
538 2493 666 2554 Donato
689 2508 747 2567 pro
770 2486 828 2567 φίλ’
855 2487 901 2566 ὃς,
925 2493 979 2568 qui
1004 2508 1083 2553 usus
1107 2494 1251 2555 Homero
1276 2500 1309 2557 et
1331 2498 1467 2570 tragicis
1491 2502 1544 2559 est
1566 2499 1651 2559 inmi-

380 2597 588 2656 liarissimus.
613 2595 723 2667 Neque
746 2609 827 2668 opus
848 2609 921 2654 esee
939 2593 1105 2668 Blaydesii
1127 2596 1316 2657 coniectura
1334 2600 1416 2674 φίλε,
1437 2603 1555 2675 γαμεῖς,
1576 2599 1602 2670 (1
1622 2604 1653 2668 t.)

381 2699 586 2757 demonstrat
621 2711 651 2756 v.
677 2710 703 2755 ο.
740 2694 940 2770 Antiphauis
974 2695 1013 2754 fr.
1041 2696 1112 2771 100,
1138 2696 1168 2770 4,
1201 2697 1286 2771 quod
1316 2699 1387 2773 ipse
1417 2699 1546 2760 attulit:
1578 2703 1654 2769 πλεῖς

381 2803 456 2867 (non
480 2801 615 2866 πλευσεῑ)
639 2794 694 2872 τὴν
717 2794 869 2855 θάλατταν
893 2795 1031 2873 σχοινίων
1054 2795 1273 2872 πωλουμένων;

335 2901 386 2961 Fr.
412 2901 486 2960 293.
511 2898 668 2961 Aeschini
691 2901 779 2958 recte
803 2897 851 2958 Bl.
877 2895 1080 2974 Παρμένανος
1104 2899 1209 2959 reddit
1232 2915 1288 2974 pro
1313 2898 1534 2977 Παρμένοντος.

335 3003 385 3061 Fr.
411 3001 597 3062 299-301.
623 2999 694 3059 Vid.
719 2999 845 3074 Nauck,
869 2999 941 3060 Mel.
966 2998 1010 3057 Vl
1035 3001 1107 3059 159.
1133 2999 1272 3059 Fallitur
1297 3000 1341 3060 ibi
1366 3003 1415 3061 vir
1438 3003 1590 3078 egregius
1612 3004 1648 3062 ad

380 3103 418 3162 ir.
443 3103 508 3162 310
536 3117 583 3175 sq.
614 3101 646 3160 in
679 3100 857 3160 Herodiani
886 3100 957 3161 loco
988 3102 1154 3161 coniciens
1185 3101 1347 3180 μινθοβάψ
1375 3117 1433 3178 pro
1465 3104 1649 3182 πλινθοβαψ.

379 3203 425 3264 ol.
450 3203 625 3264 Arcadium
650 3202 703 3276 94,
731 3201 781 3260 13.

334 3305 385 3364 Fr.
410 3305 486 3364 328.
506 3299 631 3380 ὀρεινόν.
651 3301 731 3362 Ρολλ.
745 3301 805 3360 Vll
822 3304 864 3362 69
884 3298 1058 3378 ἀκναμπτον
1077 3304 1109 3371 (λ.
1123 3300 1287 3383 ἀγναπτονλ
1304 3303 1421 3379 ἱμάτιον
1441 3300 1601 3382 ὀρεινὸν
1619 3305 1649 3365 τὸ

379 3404 407 3464 ολ
430 3402 514 3481 μέσοι
535 3402 673 3479 κωμικοί,
704 3401 801 3480 ὥσπερ
832 3400 1093 3481 εἰργασμένον
1117 3405 1149 3464 τὸ
1174 3403 1369 3485 έγναμμένον.
1393 3408 1470 3484 Ipsa
1493 3409 1649 3483 oppositio

378 3507 472 3566 docet
495 3504 660 3565 Pollucem
684 3505 856 3579 scripsisse
879 3501 1016 3585 ἀργόν,
1039 3509 1076 3566 ut
1099 3508 1261 3582 corrigere
1285 3511 1457 3583 occupavit
1481 3509 1649 3570 Headlam.

334 3610 385 3669 Fr.
411 3609 486 3668 333.
517 3605 772 3683 προυνίκους.
805 3607 851 3667 cf.
882 3607 1024 3668 Lexicou
1055 3623 1168 3668 meum
1191 3611 1429 3684 suppletorium
1454 3614 1488 3670 et
1510 3611 1649 3671 dialecti·

379 3724 453 3768 cum
478 3724 505 3768 s.
532 3722 560 3768 ν.
585 3721 658 3781 pag.
683 3708 759 3768 717.

423 3810 507 3868 Ante
542 3808 579 3867 ir.
605 3808 669 3867 336
700 3807 802 3868 inseri
833 3815 971 3883 possunt
1005 3810 1067 3870 duo
1098 3811 1284 3885 fragmento
1317 3827 1333 3871 e
1365 3811 1551 3873 Philetaero
1582 3813 1649 3874 Vat.

378 3909 478 3971 Cohll.
503 3909 564 3969 Rh.
589 3908 670 3968 MUS.
695 3926 725 3984 p.
750 3910 815 3970 414
847 3916 887 3979 (a.
916 3912 1029 3980 1888):
1061 3909 1092 3970 τὸ
1124 3909 1320 3990 ἀγοράσαι
1350 3911 1386 3973 οὐ
1410 3912 1506 3989 μόνον
1530 3912 1577 3974 inl
1600 3922 1649 3973 τοῦ

378 4009 410 4069 έν
435 4009 528 4092 ἀγορᾷ
552 4009 705 4088 διατρῖψαι
731 4007 804 4069 ἀλλά
827 4013 969 4088 συνήθως
994 4008 1078 4088 ἡμῖν·

1155 4114 1268 4176 οὐκοῦν
1292 4113 1436 4196 ἀγοράσαι

532 4213 585 4292 χρὴ
609 4212 652 4272 νὼ
676 4212 747 4291 πρὶν
774 4211 901 4273 ἀπιέναι.

378 4321 411 4376 et
433 4315 576 4393 λεκάνη
601 4313 650 4374 διὰ
672 4324 726 4375 τοῦ
750 4327 775 4374 ἓ’

531 4417 632 4494 βούλει
654 4417 766 4493 κομίσω
791 4432 837 4474 σοι
861 4415 915 4492 τὴν
939 4419 1086 4496 λεκανήν;

332 4520 382 4579 Fr.
408 4520 482 4591 336,
509 4522 538 4578 5.
560 4518 697 4595 πραόνως
718 4521 806 4579 recte
818 4518 866 4578 Bl.
880 4535 937 4592 pro
957 4518 1081 4595 πραέως.
1098 4556 1134 4564 -
1151 4523 1206 4582 Vs.
1220 4525 1249 4582 9.
1271 4523 1431 4582 Neutrum
1444 4539 1550 4597 genus
1563 4525 1649 4584 vocis

375 4621 477 4688 οιόαος
496 4619 576 4679 facit
591 4635 648 4693 pro
668 4620 833 4678 sententia
849 4633 954 4679 novae
967 4623 1153 4682 comoediae
1166 4625 1227 4684 hoc
1239 4626 1460 4698 fragmentum
1482 4627 1648 4700 assiguan·

375 4721 453 4778 dum
482 4735 571 4794 esse,
603 4720 757 4791 quoniam
786 4719 819 4778 iu
843 4723 967 4797 velere,
993 4726 1029 4781 ut
1052 4724 1136 4796 apud
1161 4727 1316 4800 tragicoS,
1342 4727 1394 4785 est
1416 4727 1647 4786 masculinum.

330 4822 380 4881 Fr.
406 4821 470 4880 337
495 4824 535 4895 (p.
561 4821 645 4888 470).
685 4819 752 4891 ,lix
787 4821 955 4880 comoedia
990 4824 1070 4883 haec
1104 4832 1259 4901 excerpta
1295 4841 1367 4886 esse
1401 4827 1570 4887 sententia
1599 4831 1647 4887 est

374 4923 412 4981 Α.
437 4920 574 4980 Nauckii
605 4921 689 4980 etc.’'
721 4920 835 4980 scribit
864 4922 965 4983 Koclr.
1001 4924 1223 4987 Dubitabundl
1252 4933 1377 4990 tamen.
1410 4927 1481 4988 Vid.
1513 4928 1646 4989 Nauckii

376 5021 447 5082 Mol.
473 5020 516 5078 Vl
541 5038 569 5094 p.
597 5023 669 5079 145.
