3718 5788
957 471 1022 530 200

325 655 517 725 Soslcratis
540 658 578 718 lr.
604 659 635 718 4.
667 657 793 733 Nauck,
818 656 891 718 Nol.
921 657 967 716 Vl
996 673 1026 732 p.
1055 657 1116 716 134
1150 654 1401 730 „Vermuthlicb
1429 655 1576 714 stammt
1599 653 1662 712 das

369 761 532 835 Verspaar
555 775 615 820 aus
637 760 694 819 der
718 759 900 820 Streitrede
924 759 983 818 des
1006 757 1186 818 Menander
1210 757 1276 816 und
1301 755 1511 815 Philemon.''

327 958 505 1042 Adcepota
527 961 565 1020 fr.
594 964 620 1038 1,
646 962 676 1022 2.
705 958 920 1038 <ἀν>έ6ηιιεν
945 960 1062 1034 cobet;
1088 959 1205 1036 probat
1228 958 1356 1033 Nauck,
1382 957 1445 1017 nisi
1469 958 1554 1018 forte
1578 957 1659 1016 scri-

369 1063 511 1123 bendum
534 1061 579 1122 sit
601 1059 731 1138 ἔστησεν.
756 1061 889 1123 Cratino
908 1060 1019 1122 locum
1038 1061 1154 1121 tribuit
1175 1059 1335 1134 Neineke,
1358 1074 1424 1119 non
1436 1052 1660 1119 dissentiente

370 1164 526 1225 Nauckio.

328 1265 378 1325 Fr.
403 1265 433 1342 8,
461 1267 489 1326 1.
514 1263 664 1340 εὐδαίμων
692 1259 765 1343 <ἅρ’
791 1254 859 1341 ἧν>
886 1262 1064 1341 Πολίαγρος.
1089 1263 1138 1323 Β1.

328 1367 379 1426 Fr.
417 1368 466 1426 10.
498 1365 598 1426 δεινόν
636 1362 694 1445 (γέ
722 1381 796 1425 τοι)
835 1361 984 1441 κεραυνὸν
1015 1361 1047 1422 ἕν
1081 1362 1192 1446 γλώττῃ
1223 1359 1307 1441 φέρει
1345 1362 1447 1437 idem,
1484 1361 1543 1422 sod
1579 1361 1657 1434 quid

371 1468 528 1528 exciderit
563 1469 739 1542 incertum,
774 1481 855 1526 nam
889 1465 1005 1526 eodem
1036 1466 1106 1524 lure
1138 1466 1245 1540 possis
1276 1459 1330 1540 μὲν
1361 1453 1433 1536 οὖν,
1463 1462 1550 1536 quod
1581 1466 1659 1537 post

369 1568 498 1628 similes
521 1570 639 1630 ductus
662 1569 715 1628 vel
737 1569 867 1629 lacilius
890 1568 975 1628 elabi
999 1567 1118 1643 potuit,
1144 1570 1202 1627 aut
1222 1565 1295 1638 Διὸς
1318 1580 1393 1626 cum
1413 1565 1657 1624 Heimsoethio.

371 1669 433 1730 Pro
456 1667 539 1744 φέρει
562 1670 646 1741 (tert)
671 1671 812 1731 fortasse
835 1671 986 1745 praestat
1008 1673 1100 1744 φορεῖ
1120 1669 1236 1743 (gerii).

327 1767 377 1828 Fr.
405 1770 455 1830 12.
492 1771 561 1830 Non
595 1770 698 1831 luisse
732 1771 889 1842 κτενίζειαι
923 1771 995 1840 (Bi.)
1031 1786 1088 1847 pro
1119 1769 1276 1846 ψηνίζειαι
1306 1768 1390 1828 satis
1424 1767 1659 1826 demonstrant

371 1870 410 1930 ir.
439 1872 477 1930 13
503 1874 536 1931 et
559 1873 612 1932 74.

327 1971 378 2032 Fr.
405 1972 455 2032 14.
480 1972 541 2032 Pro
565 1972 616 2032 llis
640 1973 704 2048 legi
727 1970 825 2043 οὐδεὶς
849 1972 979 2050 κομήτης
1004 1971 1082 2044 ὅστις
1108 1970 1152 2032 οὗ
1176 1971 1295 2042 καλὸς
1318 1971 1437 2045 φύσει
1461 1972 1548 2045 apud
1571 1971 1657 2030 Ano·

371 2088 523 2148 nymum,
550 2073 646 2149 llloge
670 2074 709 2134 dc
733 2075 765 2135 la
788 2075 975 2150 chevelure,
1001 2090 1031 2151 p.
1057 2076 1110 2150 39,
1139 2078 1188 2150 16,
1214 2072 1451 2134 animadvertit
1475 2073 1598 2134 Nauck.

328 2173 378 2234 Fr.
407 2174 457 2235 16.
482 2175 526 2234 Ut
550 2175 704 2252 antehac,
729 2177 862 2236 malim:

571 2274 644 2338 ἄνευ
668 2275 700 2338 ti
723 2277 833 2356 μητρὸς
856 2288 933 2351 πῶς
956 2283 1024 2354 (pro
1049 2271 1098 2352 ὦ),
1121 2272 1250 2355 νιοίθαρρί
1278 2275 1450 2355 Εὐριπίδη,

329 2378 379 2438 Fr.
405 2379 457 2438 22.
484 2381 621 2438 Μουσῶν
644 2378 845 2454 εὐστόμων
870 2377 1041 2456 &eupolemo
1065 2395 1123 2455 pro
1147 2377 1279 2440 εὐιόλσιν
1302 2378 1450 2454 speciose
1474 2377 1522 2437 Bl.

330 2479 380 2539 Fr.
408 2480 460 2540 27.
486 2479 598 2540 Nauck
623 2481 677 2541 cit.
703 2482 812 2556 adesp.
838 2483 913 2542 966.

330 2581 380 2640 Fr.
406 2582 458 2654 41,
485 2582 515 2640 2.
552 2581 757 2652 δαιν<άζ>ει
792 2583 915 2658 optime
946 2582 1106 2657 Meineke,
1143 2581 1265 2655 absque
1300 2582 1392 2642 omni
1428 2579 1658 2654 probabilitate

373 2680 463 2752 τιιέζει
486 2683 638 2756 Blaydes.
663 2683 718 2744 Vs.
746 2688 761 2744 1
787 2685 935 2759 speciose
958 2685 1106 2745 tentavit
1128 2683 1230 2745 Kock.

331 2782 382 2843 Fr.
409 2783 461 2859 42,
491 2785 518 2845 1.
543 2784 604 2844 Pro
628 2789 742 2859 aperto
765 2786 967 2860 glossemate
991 2781 1099 2844 ἔκτεινε
1124 2785 1215 2845 Κοσ1
1240 2783 1380 2845 coniecit
1398 2779 1516 2864 ἀνῄρει,
1537 2780 1660 2840 melius

377 2881 474 2943 σἰνειῑε
497 2890 586 2955 inam
611 2883 717 2944 ἔκτεινε
741 2887 826 2962 apud
850 2887 1018 2962 originem
1043 2889 1095 2946 est
1118 2887 1276 2961 aoristns,
1299 2887 1335 2944 ut
1353 2885 1455 2944 etiam
1475 2884 1570 2943 docet
1589 2898 1622 2942 v.
1635 2881 1657 2942 1.

378 2984 477 3064 ἔγημε)
509 2986 664 3061 Blayues,
697 2989 750 3062 qni
783 2989 901 3049 vellem
926 2989 1115 3049 reticuisset
1138 3004 1236 3049 suum
1260 2986 1384 3062 ἔπεφνε,
1406 2986 1490 3058 quod
1514 3000 1581 3044 non
1604 2987 1658 3045 est

374 3087 585 3148 comicorum.

331 3188 381 3249 Fr.
407 3190 459 3250 48.
491 3183 537 3247 ἆτ’
564 3188 695 3269 αἰγείρσυ
727 3191 774 3252 31.
807 3194 940 3265 propter
971 3190 1226 3265 explicationem
1251 3191 1295 3260 (in
1318 3204 1384 3262 qua
1406 3203 1464 3262 pro
1487 3186 1520 3245 oi
1540 3185 1656 3264 ἔσχατοι

375 3292 469 3350 acute
501 3290 639 3350 coniecit
669 3290 700 3351 ol
726 3289 922 3368 θεσμοθέται)
953 3293 1025 3351 sine
1056 3291 1208 3367 articulo,
1241 3290 1335 3364 quasi
1366 3289 1410 3350 sit
1441 3304 1562 3349 nomen
1586 3304 1654 3363 pro·

374 3391 491 3465 prium.
516 3392 567 3451 Sic
592 3391 730 3471 Αἴγειρσς
752 3394 826 3468 pagi
850 3393 957 3453 Lesbii
982 3408 1102 3453 nornen
1126 3395 1190 3468 est,
1219 3391 1341 3471 Αἴγειρα
1366 3391 1456 3451 urbis
1481 3391 1654 3452 Achaicae.

332 3494 381 3552 Nr.
407 3495 459 3553 52.
485 3493 597 3553 Nauck
621 3495 675 3555 oft.
701 3495 785 3556 Plut.
811 3494 850 3555 de
874 3495 950 3555 frat.
975 3510 1042 3555 arn.
1067 3510 1136 3570 cap.
1162 3495 1192 3569 2,
1218 3495 1296 3555 Nor.
1321 3509 1351 3568 p.
1377 3493 1452 3553 479.

332 3594 382 3654 Fr.
408 3597 460 3654 54.
496 3591 557 3652 iul
592 3593 648 3673 γὰρ
681 3593 737 3671 τὴν
767 3593 846 3654 θίαν
878 3590 1038 3655 ὠθεῖσθ’
1071 3593 1154 3655 ἐκεῖ
1182 3595 1274 3656 Kock
1305 3610 1362 3669 pro
1386 3593 1440 3652 ἔτι
1468 3625 1506 3636 -
1534 3587 1653 3675 ᾡκεῖι’

376 3692 448 3768 ἐκεῖ,
481 3696 529 3756 Bl.
555 3729 594 3740 -
620 3692 776 3756 ὠθεῖσ3’
813 3693 887 3773 ἀεὶ,
921 3699 992 3772 ipse
1023 3698 1102 3758 olim
1134 3694 1353 3770 ὠστίζεται,
1383 3695 1454 3768 coll.
1489 3694 1655 3768 Sophrona

377 3792 523 3868 ὠστίζεται
546 3802 606 3869 τοῖς
629 3797 898 3876 τρηματιζόντεσσι;
927 3799 983 3860 Ar.
1007 3800 1088 3860 Ach.
1114 3801 1166 3859 24.
1192 3799 1268 3860 848.
1292 3799 1368 3873 Lys.
1394 3798 1476 3870 3803
1502 3795 1653 3856 Teleelid.

377 3898 495 3958 11362
521 3896 564 3975 (i,
594 3900 643 3968 13)
668 3901 710 3960 Μ.

333 3999 382 4058 Fr.
408 4000 460 4058 84.
486 3996 718 4078 ἆρχολίπορος,
741 3997 1017 4079 οἰρχογλνιιτάδης.
1042 4000 1090 4061 Bl.
1112 4001 1249 4075 requirit
1269 3999 1425 4080 ἆρχε-,
1446 4000 1504 4060 sed
1525 4000 1654 4061 variant

376 4101 409 4160 in
433 4102 670 4175 compositione
693 4100 773 4179 ἀρχι,
795 4099 878 4179 σίρχε,
901 4099 982 4180 ἀρχα.
1010 4101 1056 4161 De
1081 4102 1198 4162 ultimo
1223 4103 1263 4162 cf.
1289 4102 1426 4162 nomina
1449 4099 1654 4180 Ἀρχσιράτης,

377 4201 597 4279 Ἀρχομενίδης,
620 4203 772 4280 Ἀρχονίια
795 4219 892 4279 saepe
917 4205 1165 4264 occurrentibus
1189 4205 1222 4263 in
1247 4204 1365 4264 titulis.

333 4303 383 4363 Fr.
408 4305 461 4365 85.
485 4304 699 4382 βλετιεδαίμων.
723 4305 899 4380 Headlam‚
925 4305 998 4366 coll.
1023 4307 1155 4366 Lucian.
1181 4305 1328 4366 111684.
1356 4319 1412 4380 „as
1437 4305 1510 4380 pale
1535 4321 1573 4366 as
1595 4320 1652 4366 one

378 4406 452 4466 who
476 4406 536 4466 bas
560 4422 638 4467 seen
662 4422 703 4466 an
729 4407 946 4482 apparitionff’

333 4506 384 4566 Fr.
411 4508 463 4567 99.
488 4507 746 4584 τοροννοδαίμων.
770 4508 819 4569 Bl.
845 4508 899 4568 cit.
924 4509 1153 4586 πορνοδαίμων,
1176 4507 1378 4586 σοροδαίμων,
1399 4507 1618 4587 ιρνγοδαίμων.

334 4608 385 4668 Fr.
402 4609 473 4683 104,
492 4610 521 4669 b.
537 4609 628 4670 Idem
642 4610 780 4671 coniecit
800 4607 953 4689 ἄγνωτα
972 4610 1012 4670 τὸ
1032 4609 1151 4670 καλὸν
1171 4607 1367 4690 κάγαθόν,
1385 4607 1417 4669 τὸ
1429 4607 1651 4686 σεμνὸνςήν>.

379 4710 525 4783 Papyrus
555 4716 945 4790 παγγηκγστοιαλσν.
976 4713 1097 4772 Parum
1133 4728 1212 4772 sane
1246 4711 1422 4787 probabilis
1456 4714 1508 4771 est
1539 4711 1652 4772 Kockil

378 4811 565 4871 coniectura
595 4809 691 4891 ἄχνη
723 4810 761 4872 τὸ
791 4810 911 4872 καλὸν
943 4835 1024 4890 μοι,
1054 4811 1204 4890 τάγαθόν,
1234 4811 1266 4871 τὸ
1290 4803 1516 4889 σεμνὸν<ἧν>,
1539 4813 1595 4872 sed
1620 4813 1650 4871 in

378 4912 596 4986 Blaydesiana
613 4913 779 4974 sententia
795 4928 973 4988 pronomen
994 4936 1044 4990 μοι
1068 4929 1164 4988 aegre
1184 4914 1396 4988 desideratur,
1417 4929 1477 4974 nec
1496 4916 1581 4974 ratio
1600 4913 1650 4972 ha·

379 5013 472 5074 betur
495 5015 676 5088 primarum
699 5012 886 5076 litterarum
910 5035 1018 5095 τιαγγη.
1043 5016 1147 5090 Quare
1171 5016 1244 5078 vide
1267 5031 1308 5076 an
1332 5016 1540 5076 scribendum
1564 5016 1623 5076 sit:
