3748 5792
995 534 1037 600 66

355 727 406 789 llr.
432 727 485 802 33,
510 728 540 787 4.
572 722 603 784 ἐκ
634 729 752 785 πολλῶν
775 722 846 786 ἐτῶν
870 729 946 801 apte
969 725 1099 802 supplet
1124 725 1240 786 Nuber.
1269 723 1401 799 Aliquid
1424 723 1544 786 saltam
1569 722 1678 785 huius·

399 829 486 889 modi
510 832 552 899 (ν.
576 843 603 888 1.
628 824 660 886 ἐκ
683 831 795 888 πολλοῦ
818 827 938 908 χρόνον)
962 829 1128 890 sententia
1150 826 1318 902 postulare
1342 827 1479 887 uidetur.

354 931 404 992 Fr.
430 932 482 990 34.
508 930 683 1003 Perperam
708 928 1195 1015 δείνρι111111131.,1ο1111111
1217 930 1371 990 itacismo
1390 932 1589 1003 corruptam.

355 1034 406 1093 Fr.
428 1034 480 1093 36.
501 1032 539 1092 In
557 1030 673 1092 Koclrii
693 1031 922 1107 supplemento
942 1033 1024 1092 bene
1044 1030 1093 1091 Bl.
1114 1032 1249 1106 requirit
1266 1039 1354 1107 τριῶν
1367 1024 1394 1091 δ’
1417 1027 1583 1090 ἐδείπνουν.
1596 1029 1678 1090 Reli·

399 1150 463 1209 qua
483 1133 588 1209 ipsius
606 1135 792 1194 tentamina
811 1149 884 1210 pag.
910 1134 951 1194 88
972 1135 1006 1194 et
1028 1133 1123 1194 Ado.
1148 1149 1222 1208 pag.
1247 1133 1309 1192 327
1331 1131 1454 1193 nullius
1475 1136 1554 1192 suut
1572 1131 1679 1207 pretii,

355 1237 405 1296 Fr.
431 1237 483 1310 37,
512 1237 538 1296 1.
565 1231 598 1293 δέ
619 1251 677 1310 pro
699 1256 728 1295 τε
752 1235 799 1295 Bl.
823 1233 1058 1296 Deficientibus
1080 1235 1297 1310 praegressis,
1322 1235 1413 1296 deest
1437 1235 1614 1295 criterium.

357 1339 409 1398 Fr.
434 1339 486 1398 40.
511 1337 614 1398 Locus
638 1336 816 1398 obscurior.
840 1337 936 1414 Vide,
961 1337 989 1397 si
1012 1337 1097 1397 tanti
1121 1339 1186 1413 est,
1212 1336 1276 1413 Bl.,
1301 1352 1442 1410 quocum
1463 1336 1547 1397 facio
1566 1339 1680 1397 contra

398 1439 559 1501 Koskium
582 1441 696 1499 tuente
718 1437 858 1499 Dobraei
875 1438 1157 1514 supplementum,
1183 1437 1241 1498 sed
1264 1453 1322 1512 pro
1346 1431 1449 1497 τοῦθ’
1471 1435 1543 1517 ὅπερ
1562 1437 1678 1497 malim

399 1535 507 1602 ταῦθ’
535 1539 615 1619 ὅπερ.

354 1646 405 1705 Fr.
431 1645 483 1718 45,
510 1644 540 1702 2.
566 1643 621 1703 Ar.
646 1642 722 1703 Pac.
749 1644 812 1703 169
836 1643 892 1703 cit.
918 1641 966 1702 Bi.

354 1747 405 1806 Fr.
430 1747 483 1822 47,
510 1747 540 1806 2.
564 1745 703 1820 Insuper
737 1747 793 1806 Ar.
824 1744 922 1820 Vesp.
954 1743 1018 1804 984
1050 1743 1106 1804 cit.
1131 1743 1196 1820 Bl.,
1228 1743 1401 1818 quivas
1432 1742 1519 1804 male
1542 1742 1680 1818 requirit

399 1843 596 1922 ὀττιττοτίλαιν,
619 1846 692 1907 coll.
716 1845 873 1907 boeotiois
896 1845 977 1922 ἴττω,
1001 1841 1207 1924 ἕπτχαρίτταις,
1230 1860 1309 1906 nom
1332 1843 1399 1904 ἴτται
1413 1843 1535 1904 =foror
1559 1846 1593 1905 11
1616 1841 1680 1902 εἰτι-

396 1953 557 2028 χαριττιν1ς)
577 1948 598 2009 s.
624 1947 644 2008 l.
670 1949 826 2008 1111111.
852 1947 915 2009 867
938 1963 997 2023 pro
1021 1943 1206 2027 ἐπεχαρίττα.
1236 1947 1287 2008 Ad
1312 1963 1359 2007 71.
1385 1948 1406 2007 4
1430 1945 1561 2007 inutilia
1583 1960 1679 2019 quao-

397 2050 475 2111 dam
498 2051 608 2111 tentat
630 2049 731 2125 idem,
756 2065 773 2110 e
798 2049 916 2124 ouibus
939 2049 1048 2110 solum
1071 2049 1149 2110 terri
1172 2049 1413 2125 quodammodo
1440 2051 1551 2125 potest
1572 2045 1624 2108 τὸν
1647 2047 1675 2107 δ’

398 2150 540 2228 ἰώμενον,
569 2149 626 2210 sed
653 2150 791 2210 meliora
813 2151 956 2227 reperies
979 2151 1064 2226 apud
1092 2151 1263 2211 Koclrium.
1289 2185 1329 2194 -
1353 2150 1409 2212 Vs.
1435 2153 1464 2212 5.
1489 2150 1605 2211 Nescio
1629 2165 1671 2210 an

396 2254 466 2314 iure
492 2253 623 2313 revocet
647 2247 679 2310 δὲ
701 2254 776 2327 post
787 2249 936 2331 βέφυραν,
956 2253 993 2312 ut
1013 2251 1160 2313 boeotice
1172 2275 1191 2312 o
1211 2251 1681 2313 11111111111.-71.8.νεο-

397 2353 547 2431 σπάτητον
579 2353 663 2414 coni.
700 2352 852 2427 Blaydee.
892 2353 957 2413 Res
992 2368 1056 2414 non
1087 2354 1197 2428 potest
1226 2353 1397 2415 diiudicari
1428 2355 1462 2414 et
1492 2352 1598 2413 satius
1629 2357 1682 2413 est
1755 2339 1756 2342 '

396 2455 480 2518 nihil
503 2470 637 2517 novare.

355 2559 486 2620 11151.
523 2558 728 2634 Quamquam
763 2557 962 2618 adversante
996 2557 1059 2634 Bl.,
1096 2572 1172 2618 cum
1210 2557 1334 2618 Koclrio
1369 2559 1501 2632 propter
1534 2558 1680 2617 metrum

396 2661 513 2722 malim
547 2656 588 2736 μὴ
622 2655 713 2737 χέσαι.
739 2658 905 2719 -712
942 2655 1099 2736 ἀσοιτεῖον,
1133 2661 1169 2720 ut
1203 2661 1293 2720 recte
1324 2659 1470 2721 Mainake
1505 2659 1679 2734 scripsisse

398 2763 527 2823 videtur
550 2777 608 2837 pro
632 2757 774 2837 ἀσώτιον,
804 2760 945 2822 tortasse
977 2760 1061 2820 nihil
1089 2776 1264 2822 commune
1288 2759 1387 2822 habet
1410 2775 1485 2821 cum
1509 2759 1552 2835 gl.
1576 2760 1679 2835 Hesy-

397 2865 517 2925 chiana
540 2861 734 2922 Ἀσώπιον·
759 2860 849 2934 τόπος
873 2861 1026 2945 Ἀθήνησι.

354 2967 405 3026 Fr.
431 2967 484 3042 59,
510 2965 540 3025 3.
576 2964 624 3024 Bl.
659 2963 769 3041 κοτύλη
803 2957 831 3022 (λ’
870 2961 928 3022 ἀνὰ
959 2958 1060 3042 χοίνικ’
1094 2961 1278 3041 ἀπαρκεῖ,
1307 2963 1419 3040 procul
1451 2965 1547 3025 dubio
1578 2963 1678 3040 salse,

396 3081 499 3143 parva
522 3066 612 3126 enim
632 3064 695 3126 cibi
711 3081 868 3127 mensura
886 3067 1021 3141 pauperi
1041 3081 1106 3126 non
1127 3067 1234 3142 magis
1253 3082 1353 3141 quam
1373 3066 1467 3127 diviti
1490 3067 1678 3142 suflicit,

396 3168 474 3229 lieet
496 3165 646 3227 sufficere
665 3166 792 3228 debeat.
816 3166 1047 3242 intellegerem
1068 3167 1239 3244 κοτύλην
1264 3163 1302 3244 o’,
1324 3167 1542 3247 <οι1>χοίνικιι
1564 3167 1681 3245 μάττει,

397 3269 527 3345 qualem
556 3269 755 3344 scripturam
786 3269 920 3344 perdere
952 3271 1058 3344 potuit
1089 3269 1265 3346 explicatio
1292 3269 1403 3348 κοτύλη
1425 3266 1514 3330 ἀντί
1536 3268 1676 3349 χοίνικος.

396 3373 517 3433 Notum
541 3373 593 3431 est
615 3370 731 3448 χοίνικα
755 3370 858 3431 luisse
881 3371 977 3446 panis
1001 3373 1108 3433 diurni
1131 3388 1336 3434 mensuram.

351 3477 403 3536 Fr.
430 3477 482 3550 ol,
511 3476 538 3534 l.
564 3465 645 3543 οἶνος
672 3467 764 3534 <11>
792 3472 916 3552 κοχυδεῑ
934 3473 998 3550 Β1.,
1024 3491 1122 3550 quem
1147 3490 1212 3536 non
1236 3491 1365 3550 sequar.

351 3578 401 3637 Fr.
428 3578 479 3638 62.
511 3573 540 3634 τί
569 3569 596 3634 δ’
630 3573 727 3652 ὥσπερ
760 3574 790 3634 οἱ
818 3574 1030 3654 σταδιοδρόμον
1057 3576 1288 3656 προανίστασαι;
1319 3575 1365 3638 01.
1392 3576 1513 3637 Herod.
1537 3575 1597 3634 VII
1620 3578 1676 3653 59,

395 3678 450 3738 ubi
481 3676 659 3738 Adimanto
689 3677 811 3737 dicenti
843 3669 866 3736 ὦ
892 3675 1112 3756 Θεμιστοκλὲες,
1143 3675 1174 3738 ἒν
1202 3683 1277 3738 τοῖσι
1301 3675 1396 3758 ἀγῶσι
1418 3677 1449 3738 οἱ
1465 3677 1677 3757 προεξανιστά-

393 3802 478 3857 μενοι
500 3778 674 3858 ῥαπίζονται
696 3781 829 3854 praetor
852 3780 1106 3842 Atheniensium
1130 3780 1298 3856 praeclare
1321 3781 1513 3857 respondet:
1538 3779 1570 3841 οί
1590 3776 1622 3839 δέ
1645 3802 1679 3860 με

394 3879 670 3961 ἐγκαταλειπόμενοι
695 3879 731 3940 or’r
755 3889 984 3958 στεφανεῦνται.

350 3985 400 4044 Fr.
426 3986 478 4044 63.
503 3983 551 4043 Bl.
583 3982 752 4059 διαβαίνειν
787 3983 873 4058 apud
904 3984 1072 4046 Pollucem
1102 3985 1189 4046 male
1213 3987 1246 4046 in
1271 3983 1456 4064 περιβαίνειν
1479 3984 1677 4045 mutandum

394 4100 468 4144 esse
498 4084 698 4159 suspicatur,
730 4099 806 4144 nam
842 4084 923 4144 illud
953 4087 1121 4161 proprium
1155 4086 1216 4147 hac
1246 4087 1281 4147 in
1311 4101 1346 4147 re
1379 4086 1517 4154 verbum
1548 4088 1614 4156 est;
1645 4085 1676 4144 si

393 4185 470 4259 quid
501 4185 713 4260 mutandum,
745 4185 855 4260 potius
889 4201 1031 4260 sequens
1061 4187 1230 4265 περιβάδην
1253 4188 1287 4248 in
1312 4186 1461 4265 διαβάδην
1485 4189 1676 4248 converten-

393 4287 472 4346 dum
496 4301 570 4346 esse
594 4286 680 4347 credi
705 4285 819 4361 possit.

349 4387 399 4447 Fr.
424 4388 465 4447 ot
490 4401 507 4447 1
527 4386 794 4466 1111111Σάτυριις
814 4385 1041 4466 περικαιόμενος
1061 4394 1212 4450 sumtum
1242 4405 1316 4451 esse
1347 4389 1431 4451 vidit
1449 4389 1678 4451 Reitzenstein

393 4488 462 4548 ind.
490 4488 563 4548 lect.
596 4489 748 4549 Rostock.
783 4487 990 4566 11911911).
1019 4491 1069 4550 13.
1102 4490 1307 4552 coniecturis
1337 4491 1428 4553 addit
1459 4491 1507 4552 Bi.
1539 4484 1598 4549 ἀλλ’
1630 4481 1674 4550 εὖ

393 4585 503 4665 μέλλεις
526 4586 689 4667 κάνδρείως
712 4588 815 4673 σῴζειν
839 4589 936 4668 ὥσπερ
959 4588 1017 4668 ιιτὲ,
1040 4595 1073 4652 11
1097 4587 1155 4651 ἀλλ’
1183 4583 1253 4652 οὖν
1276 4590 1333 4652 κτὲ.

348 4689 400 4752 Fr.
426 4690 479 4751 67.
502 4689 576 4767 βοῦς
607 4687 688 4769 (γὰρ
713 4689 861 4763 ν11τις>
892 4692 991 4753 idem.

347 4793 398 4854 Fr.
413 4793 465 4853 74.
478 4793 578 4853 Recto
590 4791 733 4866 Blaydes
747 4792 902 4871 oroscopus
915 4808 973 4870 pro
987 4793 1154 4872 διατράμιν.
1169 4794 1230 4856 ort.
1244 4795 1437 4878 τερπότραμις
1450 4795 1603 4858 Τ11111111.
1618 4797 1672 4857 66.

346 4993 565 5078 Theopompi
585 4997 624 5057 11.
642 4999 672 5056 3.
694 4997 767 5056 Iure
791 4997 916 5074 Nauck,
939 4997 1675 5079 ρ1ο11117111111111ἱί1111111111χρυσίων,

390 5100 562 5177 proposuit
586 5095 737 5175 ὠνόμαζεν
762 5095 808 5157 r’r'v.
