3748 5792
825 511 887 573 137

241 695 302 756 Vll
326 697 356 758 7.
381 695 443 756 Sed
467 700 691 772 πιιρογαοσθαι
713 699 762 760 sic
789 697 927 759 adhibiti
951 699 1065 759 deesse
1088 695 1218 758 videtur
1237 693 1438 768 exemplum,
1458 705 1519 752 nec

241 811 321 857 sane
330 812 429 871 urgeo
442 796 649 858 audaciorem
663 801 896 861 coniecturam.
906 798 952 860 Gi.
962 801 1074 859 tamen
1086 797 1267 876 πτερογίζειν
1281 797 1335 854 Ar.
1345 795 1405 853 Av.
1420 793 1517 866 1466;

242 896 327 958 Piut.
352 898 427 960 575.
455 935 493 945 -
508 894 564 956 Vs.
590 900 620 958 4.
644 893 718 981 κᾷτα
741 898 915 974 κατακόψας
938 903 972 960 ct
995 902 1037 969 (5)
1063 897 1241 976 Ἀθηναίους
1264 893 1406 973 praeierit
1425 893 1473 954 Bi.

196 1105 426 1175 Enosimachi
448 1113 487 1174 ir.
513 1115 543 1190 2,
569 1115 598 1174 2.
623 1113 671 1173 Bi.
696 1127 754 1188 pro
778 1111 880 1170 δίκαια
903 1111 1041 1185 requirit
1061 1111 1230 1185 epitheton
1251 1104 1341 1167 λεπτὰ
1361 1105 1519 1182 antropol

239 1209 439 1283 significans.
471 1217 515 1276 At
544 1218 698 1276 neutrum
729 1213 885 1274 convenit
905 1213 1013 1289 tardo,
1047 1213 1084 1273 ut
1107 1209 1366 1272 Atheniensibus
1390 1206 1517 1268 videba-

239 1313 302 1382 tur,
328 1311 525 1378 Boeotorum
549 1316 690 1391 ingenio.
715 1314 789 1390 Ipse
813 1313 977 1388 quondam
1002 1313 1169 1389 proposui:

329 1407 412 1492 ὀλίγα
434 1411 489 1490 μλν
511 1420 611 1476 λαλῶν
637 1447 677 1460 -
700 1416 732 1473 B.
767 1412 870 1473 δίκαια
892 1416 1012 1473 ταῦτα]
1032 1417 1067 1472 A.
1092 1411 1187 1473 πολλὰ
1210 1405 1237 1472 δ’
1264 1407 1384 1471 ἐσθίων.

195 1511 246 1572 Fr.
270 1513 301 1573 3.
459 1511 518 1576 ἀλλ’
544 1515 692 1596 ἀντιβολῶ
715 1510 754 1594 σ’,
777 1512 909 1576 ἐπίταττέ
932 1537 983 1592 μοι
1007 1513 1048 1593 μὴ
1071 1508 1152 1574 πάλλ’
1179 1510 1257 1593 δίγαν

461 1611 534 1696 μηδ’
560 1615 675 1699 δι’γρια
698 1616 767 1677 λίαν
791 1610 863 1694 μηδ’
891 1613 1141 1696 ἐπηργυρωμένα,

462 1717 564 1800 μέτρια
588 1713 666 1800 δὲγ’
694 1715 735 1790 ὥς
758 1716 834 1802 θείιγ
858 1725 994 1778 σεαυτοῦ.

239 1814 305 1875 Sub
325 1821 476 1894 corrupto
499 1817 588 1900 ἄγρια
611 1836 677 1882 non
701 1816 826 1880 ἅπαντα
857 1820 916 1891 (sic
937 1819 996 1891 Bl.)
1021 1819 1124 1881 letere
1144 1818 1274 1879 videtur
1292 1818 1349 1878 eed
1373 1812 1519 1894 ἄπορα,

240 1915 449 1980 difficilia
479 1921 527 1982 ad
558 1922 810 1998 parendum,
843 1920 929 1995 quod
959 1925 1020 1992 τοῖς
1052 1917 1238 1998 εδπορίσιοις
1268 1917 1402 1995 opponit
1425 1915 1518 1977 Plato

240 2019 318 2095 Rep.
343 2019 375 2079 11
399 2035 429 2096 p.
456 2023 521 2084 678
535 2025 574 2085 Α.

199 2119 247 2180 Fr.
271 2123 302 2196 4,
330 2125 358 2182 1.
382 2121 468 2198 Lege
491 2123 759 2202 κυπαρισσορόφων
779 2137 855 2184 cum
879 2121 927 2184 Bi.
952 2125 986 2183 ct
1009 2114 1042 2182 ολ
1062 2137 1111 2182 vs.
1135 2121 1166 2182 4.
1181 2155 1222 2165 -
1243 2120 1299 2181 Vs,
1322 2120 1373 2180 12.
1397 2115 1519 2196 ἢρτυτοιι

241 2221 346 2282 multo
371 2224 570 2298 probabilius
593 2225 741 2286 Meinelre
776 2239 874 2298 quam
902 2222 1018 2301 ἥψηται
1039 2223 1088 2284 Bl.
1113 2255 1157 2265 -
1179 2221 1234 2283 Vs.
1261 2221 1312 2281 20.
1338 2219 1398 2280 Hic
1422 2217 1518 2280 Add.

241 2339 270 2398 p.
295 2324 359 2384 388
385 2325 584 2387 coniecturis
607 2326 697 2387 addit
720 2322 755 2384 τὰ
777 2323 856 2384 κάτω
876 2318 953 2383 ’στιν
972 2319 1051 2401 δίναν,
1073 2323 1180 2385 citans
1203 2322 1337 2397 Antiph.
1362 2321 1410 2380 III
1436 2320 1516 2392 140;

241 2423 377 2487 Philem.
408 2425 454 2487 IV
477 2428 536 2501 33,
573 2428 692 2503 Adesp.
732 2427 807 2503 633,
839 2428 976 2503 probata
1007 2425 1107 2501 igitur
1137 2419 1188 2506 (ut
1218 2422 1357 2492 videtur)
1381 2419 1520 2481 Iacobsii

243 2525 382 2587 lectione
405 2525 532 2600 πάντας.
562 2528 641 2589 Mihi
660 2526 824 2590 satisfacit
848 2527 986 2589 Dobreei
1010 2527 1178 2588 correctio.
1205 2558 1244 2568 -
1269 2523 1325 2584 Vs.
1350 2523 1402 2584 23.
1427 2521 1519 2582 Idem

241 2632 374 2691 revocat
397 2625 488 2709 δεῦρ’,
510 2629 540 2691 εἴ
558 2651 629 2702 ττοις.
652 2630 781 2692 Dubito.
805 2663 843 2674 -
858 2630 914 2690 VS.
936 2630 988 2690 38.
1012 2628 1119 2689 Verba
1141 2625 1246 2704 φυκίς,
1268 2624 1399 2705 βρίγκος,
1419 2621 1520 2702 τρίγλη

241 2733 411 2792 recurrunt
442 2732 526 2807 apud
559 2732 742 2808 Ephippum
777 2731 825 2790 III
861 2732 926 2792 330
961 2731 987 2798 (Ι
1015 2731 1046 2801 3)
1082 2729 1138 2805 Μ.,
1168 2728 1284 2806 τρίγλη,
1313 2725 1404 2803 φνιιίς
1434 2723 1520 2799 opud

242 2831 375 2906 Antiph.
400 2833 509 2894 11172
534 2833 560 2904 (Ι
584 2835 624 2906 3).
649 2834 711 2895 Pro
735 2833 881 2908 iiphippo
905 2833 926 2892 l.
946 2831 968 2892 l.
992 2831 1040 2892 Bl.
1065 2844 1174 2890 errore
1197 2829 1279 2890 citat
1302 2828 1388 2888 hunc
1411 2827 1520 2902 ipsum

241 2931 456 2995 Mneeimachi
494 2935 614 2997 locum.
647 2968 681 2977 -
718 2933 774 2995 Vs.
807 2933 859 2993 40.
894 2931 1019 3011 φλεβίας
1052 2931 1101 2992 Bl.
1137 2929 1201 3011 Gur
1235 2929 1382 3012 quaeso?
1415 2925 1522 2988 Verbo

241 3032 354 3111 στείρας
378 3069 419 3079 -
443 3039 559 3118 θρᾷττα
589 3038 763 3096 recurrunt
792 3035 876 3111 apud
900 3034 1035 3110 Ephipp.
1064 3033 1113 3108 12,
1139 3035 1174 3106 6;
1199 3030 1311 3108 σπάρος
1332 3026 1447 3100 αἰολίας
1469 3042 1520 3102 ap.

241 3133 322 3196 Plat.
344 3136 525 3198 11672-
539 3137 595 3199 Vs.
609 3140 661 3199 62.
686 3136 799 3214 μάττει,
818 3133 921 3196 πέττει.
945 3136 1053 3197 Verbo
1075 3136 1189 3196 iuncta
1210 3134 1312 3195 etiam
1332 3147 1353 3193 a
1370 3131 1519 3191 Pherecr.

241 3236 272 3295 11
295 3237 359 3297 345
384 3241 419 3298 et
440 3239 608 3314 Aristoph.
634 3233 695 3300 271
729 3237 810 3310 (BL).
829 3271 866 3282 —
880 3237 936 3298 Vs.
951 3239 1003 3298 57.
1024 3239 1116 3295 νεῖται
1135 3249 1274 3296 servans
1293 3238 1366 3308 (quo
1385 3231 1520 3301 sensu?)

241 3335 289 3396 Bi.
322 3337 411 3398 delet
442 3343 572 3415 πνεῖται,
602 3341 687 3414 quod
719 3344 792 3399 πνεῖ
816 3339 1025 3402 scribendum
1049 3338 1157 3399 tuerit.
1181 3337 1243 3396 Sed
1265 3337 1358 3396 totus
1381 3349 1429 3395 vs.
1455 3347 1520 3393 cor·

241 3440 357 3514 ruptus
391 3439 530 3517 videtur,
567 3456 646 3501 nam
684 3442 879 3517 expectatur
913 3444 1063 3514 μολπᾶς
1097 3434 1210 3517 κλαγγὰ
1244 3439 1277 3497 et
1309 3434 1431 3513 θράττει
1464 3433 1521 3493 vix

241 3541 354 3612 aptum
386 3535 452 3618 est',
483 3539 597 3620 κλαγγὰ
628 3544 739 3603 eutem
773 3541 894 3602 melius
924 3545 1055 3618 πνεῖται,
1084 3539 1205 3614 opinor,
1240 3552 1340 3611 quam
1375 3539 1451 3595 πνεῖ.
1479 3567 1519 3578 -

241 3637 296 3700 Vs.
321 3641 374 3702 58.
399 3641 460 3704 Pro
480 3641 595 3719 κούραν
614 3641 705 3704 Koclr
723 3639 823 3721 αὔραν
842 3642 995 3717 coniecit,
1016 3641 1064 3705 Bl.
1085 3638 1196 3716 νδρῶν.
1220 3637 1378 3713 liquidem
1389 3639 1521 3714 propter

242 3739 357 3803 horum
389 3757 546 3804 versuum
577 3743 753 3819 dorlsmos,
793 3742 911 3817 quibus
946 3757 1039 3803 more
1072 3740 1313 3816 Aristophaneo
1347 3739 1523 3799 irridentur

242 3845 355 3915 poetae
379 3845 625 3921 dithyrambici,
651 3845 788 3920 legerim
816 3860 891 3906 oum
915 3843 1099 3906 mutatione
1122 3841 1316 3918 perexigua:

555 3945 709 4026 nariodo
732 3946 838 4018 κασίας

552 4043 613 4108 άπὸ
635 4057 690 4127 γᾶς
713 4043 799 4126 ἁγίας
823 4042 908 4118 ἁλίας
931 4045 1048 4125 Συρίας

554 4143 632 4226 δσμὴ
657 4146 750 4226 σεμνὴ
774 4155 912 4225 μυκτῆρα
935 4145 1023 4207 δονεῖ
1041 4143 1098 4206 uri.
1124 4178 1165 4190 -

202 4241 253 4306 Vs.
273 4245 326 4308 63.
346 4245 474 4324 μίνθης,
491 4248 621 4312 collatis
640 4249 859 4326 Theophrasti
879 4248 974 4325 locis,
996 4247 1133 4322 requirit
1147 4245 1196 4308 Bl.
1212 4279 1251 4290 -
1266 4245 1322 4306 Vs.
1336 4245 1390 4306 66.
1408 4244 1521 4306 Malim

243 4345 362 4406 πάντων
391 4343 519 4426 ἀγαθῶν
550 4349 733 4428 διάμεστος,
762 4351 838 4425 quia
869 4346 1062 4424 ἀνάμεστος,
1085 4351 1123 4408 ut
1145 4345 1300 4419 ἀνάπλεως
1323 4347 1358 4407 θλ
1391 4343 1522 4422 ἀναπιμ-

244 4446 366 4524 τλαίται,
388 4449 475 4510 siout
498 4449 637 4512 latinum
668 4451 852 4528 opplere,
878 4450 918 4511 de
941 4450 1092 4511 sordibus
1115 4452 1149 4510 et
1172 4449 1333 4510 translate
1356 4449 1397 4509 de
1423 4450 1523 4510 malis

244 4549 392 4624 usurpari
415 4549 572 4612 assolent.

204 4647 251 4708 ir.
275 4648 304 4726 7,
332 4651 359 4710 1.
387 4641 479 4710 oleos
506 4670 596 4732 <γε>
623 4654 671 4716 Bl.
694 4687 734 4696 -
759 4652 815 4714 Vs.
837 4654 867 4715 3.
888 4651 973 4730 αἴπερ
997 4652 1070 4730 ξίφη
1091 4668 1160 4728 ego.
1179 4685 1215 4693 -
1230 4652 1286 4713 Vs.
1312 4653 1362 4713 10.
1388 4651 1523 4714 Οοεεειεί

243 4749 466 4828 ααταννίλταισι,
494 4753 576 4814 nihil
605 4757 716 4815 autern
748 4769 830 4830 opus
863 4757 915 4816 eet
944 4753 1061 4815 Koclrii
1089 4754 1278 4814 coniectura
1301 4747 1334 4812 δὲ
1357 4753 1522 4829 στεφανού-

243 4855 334 4928 μεθα,
364 4867 443 4914 nam
473 4850 705 4933 ἐστεφανώμεθα
725 4877 766 4904 =
788 4853 891 4933 ἔχομεν
915 4855 1098 4930 στεφάνους,
1129 4857 1166 4916 ut
1189 4855 1357 4932 praecedit
1378 4855 1522 4934 θώρακας

242 4949 397 5030 λγαμενε
410 4956 665 5034 τεθαραιίσμεθα.
691 4957 728 5016 Iu
753 4957 894 5018 eundem
918 4972 1063 5019 errorem
1087 4952 1202 5020 incidit
1225 4957 1376 5032 Blaydes·

204 5051 251 5113 Fr.
273 5054 303 5133 9,
327 5057 358 5117 9.
382 5055 453 5116 Nisi
476 5055 678 5135 σπανιώτερον
706 5061 758 5119 eet
781 5057 963 5132 glossema,
989 5057 1074 5132 quod
1098 5057 1258 5133 hodieque
1282 5059 1392 5136 credo,
1418 5060 1520 5134 requi·
