3718 5788
981 494 1043 554 192

350 688 400 748 Fr.
426 689 456 762 7,
482 689 511 747 5.
1092 679 1137 742 ὅτι
1159 679 1371 759 πεπλασμένως

615 783 648 844 τὸ
671 793 793 863 πρᾶγμα
815 793 1114 862 παρανεντοῠσι
1137 781 1213 843 τιούκ
1235 781 1401 862 &indende

390 891 540 950 Nondum
564 889 709 965 poenitet
733 902 787 947 me
810 887 894 948 hauc
917 887 1091 948 lectionem
1115 886 1300 948 defendisse
1319 903 1337 946 a
1361 901 1463 962 prava
1482 886 1659 946 coniectura

391 991 604 1071 περιπέττουσι.
635 991 724 1050 Scire
754 991 841 1049 enim
874 988 974 1048 velim
1005 1005 1070 1063 qua
1096 989 1161 1050 alia
1184 989 1311 1049 ratione
1334 1003 1432 1063 quem
1456 984 1658 1063 πεπλασμένως

390 1094 464 1153 κούκ
486 1091 641 1170 ἀὶηθινῶς
664 1093 768 1167 possit
792 1093 912 1166 aliquis
935 1090 1118 1170 περιπέττειν
1140 1115 1168 1151 τι
1191 1101 1321 1170 πρᾶγμα.

348 1244 484 1327 Epidici
508 1246 547 1304 fr.
576 1247 601 1318 l,
631 1249 658 1304 1.
690 1240 911 1318 ἒπαλφιτοῡντα
936 1238 964 1302 δ’
991 1236 1075 1303 αἶνον
1099 1251 1152 1302 τοῦ
1175 1241 1287 1322 θέρους
1312 1241 1383 1304 ποτέ
1405 1259 1481 1304 cum
1504 1244 1659 1319 spondaeo

390 1349 422 1407 iu
445 1347 523 1406 sede
546 1345 745 1420 quartani,
770 1347 825 1418 qui
849 1346 921 1405 siue
944 1347 1024 1406 vitio
1044 1347 1189 1406 scribere
1205 1348 1359 1421 potuerat
1377 1343 1595 1421 ἕσαλφινοῡνοα
1612 1353 1661 1403 τοῦ

391 1445 501 1524 θέρους
514 1441 598 1506 οἶνον
610 1447 673 1516 (vel
688 1440 714 1505 δ’
730 1439 826 1514 οἶνόν)
839 1468 917 1505 ποτε.
930 1447 991 1508 Sed
1005 1447 1278 1521 acquiescendum
1293 1447 1404 1507 (lobeti
1417 1449 1660 1508 correctione.-

393 1552 446 1612 Vs.
471 1553 501 1610 I.
526 1551 755 1612 Coniecturam
776 1565 886 1610 meam
907 1549 1022 1626 νσσμὸν
1046 1549 1177 1628 μελίττης
1201 1551 1252 1619 (ci.
1277 1551 1454 1624 Antiphau.
1476 1552 1526 1626 52,
1548 1551 1578 1619 7)
1598 1564 1661 1624 pro·

391 1656 447 1715 bat
469 1655 529 1728 Bl,
552 1655 607 1728 qui
631 1669 687 1714 cur
710 1651 855 1713 notabile
885 1655 979 1728 putet
1002 1650 1095 1730 ὑγρὸν
1118 1657 1267 1728 correpta
1290 1653 1396 1728 priore
1423 1655 1472 1722 (ut
1494 1651 1611 1725 ubique
1632 1651 1661 1709 in

391 1757 570 1824 comoedia)
594 1771 648 1815 me
672 1755 804 1829 quidem
828 1753 921 1815 latet.

349 1859 398 1917 ur.
423 1859 452 1930 2,
478 1861 508 1916 4.
532 1856 582 1917 Bl.
612 1856 707 1917 malit
739 1853 965 1933 περιάγεκς>;
989 1855 1077 1915 Gur?
1102 1889 1142 1896 -
1167 1856 1222 1915 VS.
1251 1857 1300 1915 10.
1333 1855 1508 1929 vulgatum
1532 1853 1661 1929 εἰσηκον-

390 1955 476 2028 τικὼς
501 1957 619 2018 melius
643 1957 798 2031 intellego
821 1972 919 2030 quam
945 1953 1138 2032 ἐξηκονοικώς
1161 1957 1246 2032 (Bt),
1275 1957 1360 2031 quod
1384 1956 1603 2030 compositum
1625 1954 1662 2013 de

391 2060 548 2120 laculis
572 2063 758 2134 usurpatur,
783 2074 847 2119 nou
871 2058 910 2118 de
930 2060 1058 2135 bestiiS,
1082 2074 1166 2133 quae
1190 2059 1307 2118 iaculis
1329 2061 1495 2133 petuntur.

346 2207 575 2275 Phoenieidls
598 2210 636 2270 fr.
662 2210 691 2282 2,
720 2211 748 2268 1.
772 2204 890 2287 λέγουσι
913 2224 971 2284 pro
995 2205 1133 2287 λέγουσιν
1156 2209 1205 2269 Bl.

348 2313 398 2372 Fr.
423 2314 453 2387 4,
479 2313 509 2373 8.
541 2312 602 2371 Pro
630 2311 795 2386 λαμβάνειν
826 2310 913 2369 idem
945 2311 1085 2370 coniecit
1119 2309 1293 2385 προσδοκᾶν
1323 2309 1493 2369 violenter.
1527 2308 1662 2368 Felicius

390 2410 549 2489 ἀναμένειν
568 2413 707 2486 Madvig.
728 2412 853 2471 Ibidem
865 2405 941 2470 τοῦτ’
956 2415 1014 2472 aut
1033 2405 1112 2470 ταῦτ’
1126 2409 1288 2482 (medad)
1301 2412 1430 2485 requiro
1449 2426 1506 2486 pro
1526 2403 1660 2468 ταῦτ’.-

391 2515 447 2574 Vs.
475 2516 514 2574 12
539 2531 608 2588 sqq.

1029 2613 1172 2692 λαμβάνω
1197 2609 1223 2674 δ’
1251 2611 1342 2673 ἄλλον
1365 2611 1445 2688 τινά,

669 2712 782 2793 ἰατρόν,
805 2705 892 2785 οὗτος
917 2712 1045 2791 εἰσάγων
1068 2715 1238 2787 πολλούς
1262 2736 1344 2786 τινας

667 2811 757 2892 ἕτερον’
785 2814 865 2890 ἔκαε,
888 2813 1002 2893 πτωχὸς
1027 2806 1073 2892 ἦν
1096 2813 1146 2874 καὶ
1170 2814 1286 2893 δήμιος.

389 2920 451 2979 Ρι·ο
474 2917 615 2991 πολλούς,
638 2917 721 2990 quod
746 2933 825 2977 sane
848 2917 998 2991 languet,
1023 2917 1114 2978 Koch
1135 2917 1277 2978 coniecIt
1303 2917 1432 2995 χωλούς,
1453 2917 1541 2977 etin
1560 2915 1663 2974 clau-

389 3021 461 3080 dos
484 3035 599 3094 parum
620 3018 780 3092 quadrare
799 3018 929 3078 videtur
947 3016 979 3076 τὸ
999 3015 1115 3093 τέμνειν
1134 3016 1183 3076 καὶ
1203 3017 1295 3078 κάειν.
1309 3019 1372 3079 Sed
1385 3016 1490 3078 multo
1502 3016 1662 3077 infelicius

387 3121 496 3191 νόσους
530 3120 669 3181 coniecIt
698 3119 758 3194 Bl,
791 3120 876 3193 quod
908 3121 999 3179 omni
1030 3135 1130 3180 sensu
1155 3123 1258 3196 earet,
1283 3135 1343 3181 nec
1366 3121 1509 3198 νοσερούς
1539 3119 1661 3179 dictum

388 3238 445 3298 pro
475 3229 640 3291 νοσοῦντας
671 3221 766 3295 plane
797 3220 877 3279 mihi
909 3220 1084 3281 satisfacit.
1117 3221 1222 3282 Malus
1253 3225 1365 3282 autem
1389 3221 1549 3296 medicus,
1573 3233 1660 3294 prae·

387 3326 503 3384 sertim
522 3325 551 3382 is
571 3323 624 3396 qui
638 3337 768 3394 semper
780 3323 870 3380 secat
886 3321 1029 3395 uritque,
1050 3322 1175 3396 optime
1195 3322 1391 3383 carnifex
1411 3321 1660 3396 adeundaeque

388 3425 494 3503 δήμιος
517 3425 659 3500 pessime
681 3423 714 3481 in
738 3421 957 3495 suspicionem
984 3424 1115 3483 vocavit
1138 3423 1201 3498 Bl.,
1225 3422 1334 3498 paullo
1359 3425 1473 3484 contra
1495 3421 1660 3482 obscurius

388 3531 440 3589 est
461 3525 589 3604 πτωχὸς,
611 3525 674 3584 nisi
698 3523 918 3597 corrigamus:

694 3618 783 3700 ἴτεμν’
810 3621 891 3701 ἔκαε,
913 3623 1027 3701 πτωχὸς
1051 3622 1100 3683 ὢν
1123 3623 1173 3683 καὶ
1197 3625 1321 3702 δήμιοςῑ

386 3733 406 3791 i.
431 3747 458 3792 e.
497 3744 591 3805 „cum
627 3729 759 3802 propter
794 3726 1022 3785 inhaerentem
1058 3727 1192 3802 pauperi
1224 3727 1398 3786 avaritiam
1428 3729 1501 3786 tum
1532 3727 1660 3802 propter

384 3832 508 3906 ingenii
528 3828 790 3890 crudelitatem”.
812 3828 970 3886 Medicam
991 3830 1095 3887 artem
1111 3832 1289 3902 utcumque
1302 3825 1659 3889 exercenshomonihil

386 3933 521 3993 curabat
539 3930 603 3990 nisi
622 3929 804 4003 pecuniam.
825 3928 906 3987 Vide
926 3931 1038 3988 tamen
1059 3944 1098 3988 ne
1118 3928 1223 3989 multo
1236 3929 1356 3990 clarius
1368 3932 1465 4004 poeta
1477 3929 1657 4004 scripserit:

675 4023 764 4104 ἕτεμν’
792 4026 872 4104 ἔκαε,
895 4029 1049 4106 νωθρὸς
1075 4026 1124 4088 ὢν
1148 4028 1198 4089 καὶ
1222 4029 1338 4107 δήμιος.

387 4137 407 4196 i.
433 4151 460 4195 e.
491 4130 611 4209 ἄπειρος
642 4128 692 4189 καὶ
727 4125 814 4207 ὠμός.
841 4163 879 4174 -
905 4130 961 4192 Vs.
996 4132 1035 4191 18
1071 4131 1294 4192 coniecturam
1326 4146 1436 4192 meam
1462 4129 1577 4191 ἔλαθον
1604 4145 1657 4208 pro

386 4228 483 4314 ἦλθον
506 4233 641 4310 probavi
665 4233 848 4306 Bleydesio.

342 4339 392 4398 Fr.
417 4340 446 4398 ὅ.
472 4336 641 4396 Praeclare
672 4333 834 4393 Headlam
862 4349 903 4392 ex
927 4333 1090 4393 Athenaei
1113 4333 1222 4394 verbis
1245 4334 1321 4393 VIII
1345 4334 1447 4394 elau
1471 4332 1655 4395 Phoenicidi

385 4438 525 4498 reddidit
548 4451 698 4497 versum:

627 4534 732 4595 κοινὸν
754 4528 897 4610 θάλασσ’,
919 4533 1007 4612 ἰχθῦς
1032 4531 1063 4594 δὲ
1087 4543 1144 4594 τῶν
1169 4532 1360 4611 ὠνουμένων.

384 4641 533 4716 quaesit
556 4639 690 4715 parodia
712 4637 867 4711 Aeschyli
891 4637 930 4697 fr.
956 4638 1036 4698 398:

626 4737 730 4798 κοινὸν
752 4738 840 4816 τύχη,
861 4738 965 4816 γνώμη
990 4735 1022 4797 δὲ
1045 4746 1103 4796 τῶν
1126 4735 1324 4814 κεκτημένων.

383 4843 444 4904 Ost.
469 4843 573 4903 Plaut.
594 4841 674 4901 Rud.
701 4841 865 4900 947-81.
881 4873 920 4882 -
935 4839 1088 4900 Ceterum
1108 4840 1227 4900 iniuria
1246 4840 1294 4900 Bl.
1315 4838 1476 4899 Kockium
1494 4841 1528 4900 iu
1548 4841 1655 4900 miuus

381 4945 467 5005 felici
491 4944 588 5002 hulus
611 4942 800 5003 conlectura
823 4941 926 5015 carpit
955 4939 987 4999 oi
1014 4935 1041 4999 δ’
1073 4938 1177 5017 ἰχθύες
1201 4941 1415 5014 scribentem,
1446 4941 1531 5014 quod
1557 4939 1655 5000 Attici

382 5045 414 5106 ol
433 5045 521 5123 ἰχθῦς
551 5044 704 5104 dixerint.
735 5041 908 5101 Veteribus
938 5042 1026 5102 enim
1051 5041 1172 5102 billeis
1196 5044 1353 5102 constans
1375 5040 1456 5101 haec
1480 5045 1532 5102 est
1556 5041 1652 5101 uomi-
