3718 5788
949 471 1012 532 190

363 656 521 718 Volebam
545 648 699 716 ἐτύπτονθ’
725 653 757 714 οἱ
777 653 920 734 παρόντες
943 655 1126 736 προσβολήν,
1156 657 1228 719 0011.
1254 657 1310 719 Ar.
1335 657 1488 734 Ρ20139,
1514 657 1600 731 quod
1624 671 1644 717 e

363 759 527 834 Blaydesii
558 760 637 818 nota
666 773 730 818 non
762 757 975 834 intellegitur.
1000 792 1037 802 -
1067 757 1098 819 ol
1124 755 1258 838 γέροντες
1288 759 1359 819 sine
1393 775 1495 819 causa
1524 759 1573 820 Bl.
1600 793 1641 803 —

364 861 419 921 Vs,
444 863 496 922 32.
529 860 695 935 coniunge
725 854 837 937 ἡμέρας
868 855 1007 938 (ἡμέραῖ)
1033 861 1103 938 δύο,
1126 864 1160 922 et
1183 861 1311 922 videbis
1334 863 1460 921 temere
1483 860 1532 921 Bl.
1558 863 1640 922 coni·

364 977 436 1024 cere
460 959 597 1040 ἑσπέρας,
621 962 841 1023 audacissime
861 966 1030 1037 praeterea
1049 966 1184 1025 tentans
1203 961 1312 1043 χορδὰς
1329 961 1478 1040 ἐριφείοις
1492 996 1532 1005 -
1547 958 1643 1040 ὠμάς,

363 1065 484 1125 oblitus
511 1065 644 1138 insuper
675 1062 850 1138 corrigere,
883 1064 966 1137 quod
991 1067 1104 1126 temen
1128 1065 1176 1126 ite
1198 1065 1422 1126 necessarium
1447 1067 1513 1140 est,
1539 1065 1642 1141 ζητου-

363 1163 463 1242 μὲνας.
498 1167 634 1240 Insuper
664 1180 722 1239 pro
754 1161 924 1242 ἀποσβέσας
954 1166 1108 1242 proponit
1137 1166 1316 1244 καθηγίσας.
1347 1165 1499 1226 Ceterum
1531 1166 1640 1226 locum

363 1269 576 1344 depravatum
609 1281 682 1327 esse
711 1267 836 1343 optime
866 1269 1044 1343 perspexit.
1073 1271 1141 1329 Aut
1163 1267 1268 1344 fellor,
1294 1270 1352 1328 aut
1375 1268 1494 1330 lacuna
1517 1267 1644 1328 laboret

363 1370 411 1430 sic
434 1369 554 1445 partim
579 1367 758 1442 explenda:

573 1469 681 1548 χορδῆς
713 1467 772 1530 (δέ
794 1491 826 1548 γε
849 1469 1012 1548 repedet>
1039 1466 1152 1550 ἡμέρας
1178 1468 1378 1549 ζητουμένους

575 1565 625 1631 δύ’
653 1567 738 1648 ἰχθὲς
761 1567 861 1647 ὠμοὺς
885 1572 927 1644 εἰς
1003 1599 1013 1622 ι
1092 1599 1103 1624 ι
1181 1597 1192 1622 ι
1270 1599 1282 1622 ι

577 1699 1033 1727 ······
1085 1675 1118 1736 τὸ
1142 1671 1208 1754 ττῦρ’
1237 1673 1415 1754 ἀποσβέσας.

364 1780 425 1841 Sed
450 1779 522 1852 quis
545 1792 667 1851 quaeso
691 1775 816 1851 relique
836 1778 1046 1853 probabiliter
1066 1777 1198 1855 explere
1218 1779 1363 1853 poterit?
1376 1812 1415 1821 -
1430 1777 1486 1836 Vs.
1508 1777 1562 1836 34.
1583 1777 1643 1836 Pro

363 1880 412 1940 καὶ
442 1878 516 1955 πρὸς
540 1879 588 1938 Bl.
613 1875 700 1938 κάπεὶ
731 1879 783 1940 vel
814 1871 902 1957 χῶτε,
924 1881 1042 1954 quibus
1066 1880 1158 1940 locus
1181 1880 1341 1940 obscurus
1364 1893 1430 1939 non
1453 1876 1490 1937 tlt
1515 1877 1642 1952 clarior,

364 1999 424 2044 nec
446 1980 495 2041 καὶ
517 1979 606 2054 πρὸς.
629 1983 669 2040 et
692 1983 931 2058 praeterea,
957 1984 1083 2042 temere
1107 1981 1319 2041 mutandum.

319 2087 370 2146 Fr.
396 2085 414 2144 2
438 2083 653 2144 sanissimum
678 2085 738 2143 est.
761 2082 899 2144 Temere
923 2087 997 2158 post
1020 2084 1223 2158 Madvigium
1248 2082 1408 2144 sollicitet
1429 2080 1582 2154 Bleydes.

319 2189 369 2248 Fr.
395 2189 424 2262 3,
450 2187 479 2248 2.
516 2188 637 2244 σεῦτλον
671 2199 729 2258 pro
764 2180 796 2243 δὲ
831 2189 937 2244 σεῦτλα
968 2189 1057 2247 recte
1089 2186 1137 2246 Bl.
1165 2219 1202 2228 -
1231 2184 1287 2244 Vs.
1320 2187 1350 2244 4.
1383 2180 1525 2242 ἀπόσιτον
1560 2181 1642 2241 bene

363 2291 484 2362 tuetur,
508 2286 572 2346 nisi
595 2285 679 2360 quod
703 2282 861 2346 ἀπότεισον
885 2286 1093 2347 scribendum
1119 2301 1193 2347 esse
1216 2286 1312 2346 hodie
1336 2287 1476 2346 constat.

319 2391 369 2450 Fr.
395 2392 424 2463 1,
451 2392 478 2449 1.
499 2389 548 2448 Bl.
572 2391 660 2447 recte
682 2385 724 2458 τίς
747 2384 805 2446 ἔστι
829 2392 897 2462 (pro
921 2384 990 2459 ἐστι)
1014 2391 1048 2448 et
1072 2403 1203 2449 mecum
1228 2386 1278 2465 χαί
1300 2403 1357 2462 pro
1381 2383 1445 2462 nel,
1467 2385 1523 2444 sed
1549 2399 1597 2444 vs.
1619 2384 1639 2443 2
1705 2445 1715 2452 ,

364 2489 622 2567 improbabiliter
644 2487 747 2547 σκόπει
771 2503 829 2564 pro
853 2486 971 2564 μαθών.
996 2489 1187 2549 Orationem
1207 2488 1435 2563 imperfectam
1456 2501 1531 2546 esse
1550 2484 1641 2546 intel·

362 2593 513 2653 lexerunt
536 2591 686 2652 editores
713 2623 752 2632 -
776 2588 943 2651 Pollucem
967 2590 998 2649 11
1025 2591 1086 2651 185
1111 2589 1192 2650 bene
1216 2605 1234 2650 e
1257 2590 1375 2650 Photio
1400 2587 1535 2662 corrigit
1559 2587 1607 2647 Bl.

320 2695 370 2755 Fr.
396 2695 426 2769 9,
453 2694 482 2754 2.
1062 2685 1223 2751 κάσθίονθ’
1250 2689 1311 2767 ἅμα

630 2789 749 2870 ἐποίησε
772 2791 917 2870 πηδᾶν,
941 2791 1015 2852 ὅθεν
1040 2789 1154 2870 ἐκλήθη
1177 2790 1320 2870 κάραβος.

364 2895 455 2956 Koclr
492 2894 613 2970 ,πηδᾶν
644 2911 709 2956 non
739 2895 911 2970 intellego,
945 2895 1010 2955 nisi
1033 2897 1078 2956 sit
1101 2894 1254 2970 gaudio
1277 2893 1509 2954 exultare.''
1534 2894 1579 2952 At
1601 2907 1642 2950 ne

363 2999 411 3059 sic
445 2997 577 3071 quidem
613 2997 817 3072 intellegitur
851 2997 997 3058 nominis
1031 2998 1131 3074 ratio,
1175 2996 1252 3071 quia
1287 2995 1455 3058 canceri
1491 3008 1557 3054 non
1592 2996 1644 3052 est

362 3100 536 3161 saltere.
579 3098 676 3158 Aliud
719 3099 820 3173 lgitur
861 3098 965 3159 latere
1006 3100 1066 3160 sub
1102 3098 1201 3159 verbo
1236 3101 1364 3159 certum
1399 3098 1467 3172 est,
1502 3096 1561 3155 sed
1596 3094 1640 3153 nil

364 3203 433 3278 apti
456 3201 594 3276 reperio.

320 3307 370 3364 Fr.
396 3307 446 3380 10,
472 3306 502 3364 3.
527 3301 609 3363 Cum
634 3302 682 3362 Bl.
706 3302 821 3362 malim
847 3298 932 3379 ἐχθὲς
957 3296 983 3360 ‹l'
1011 3297 1239 3374 interimendae,
1262 3299 1407 3374 perlecto
1427 3298 1530 3372 enim,
1556 3297 1639 3371 quod

364 3419 473 3467 errore
503 3406 617 3465 netum
649 3402 778 3464 videtur
809 3419 825 3463 e
856 3417 1049 3478 praegresso
1081 3400 1277 3478 μεμάθηκας,
1307 3400 1364 3460 vix
1394 3399 1487 3460 locus
1511 3401 1572 3458 est
1612 3431 1639 3438 -

363 3508 418 3568 Vs.
443 3509 462 3566 4
486 3523 534 3580 sq.
559 3505 604 3566 Oi.
631 3505 814 3580 Euphronis
837 3503 875 3564 ir.
903 3506 931 3579 1,
956 3504 998 3563 23
1023 3518 1093 3578 sqq.

319 3611 369 3672 Fr.
397 3611 448 3686 11,
473 3609 502 3669 3.
535 3607 598 3666 Vix
628 3621 708 3667 sene
739 3605 816 3665 ferri
847 3607 956 3680 potest
987 3612 1101 3683 πρῶτος
1131 3603 1183 3674 (al.
1207 3607 1351 3680 πρῶτον),
1376 3602 1434 3663 sed
1458 3601 1543 3676 quod
1567 3615 1638 3675 sug·

363 3710 447 3785 gerit
469 3710 517 3770 Bl.
542 3707 634 3784 φασίν
657 3722 720 3781 quo
745 3708 839 3780 pacto
861 3706 937 3765 inde
956 3704 1045 3765 nasci
1067 3705 1212 3780 potuerit
1230 3719 1294 3765 non
1313 3706 1448 3778 exputo.
1462 3735 1504 3744 —
1518 3703 1573 3763 Vs.
1590 3703 1637 3762 15.

562 3804 652 3869 οὐδὲν
676 3804 691 3867 ὁ
715 3806 854 3886 μάγειρος
878 3814 930 3865 τοῦ
953 3813 1080 3883 ποιητοῦ
1106 3803 1248 3883 διαφέρει·

563 3907 578 3969 ὁ
602 3918 696 3980 νοῦς
720 3908 774 3986 γάρ
799 3905 876 3966 ἐστιν
900 3903 1026 3991 ἐκατέρῳ
1052 3907 1164 3966 τούτων
1189 3907 1343 3977 (rotroni
1367 3905 1428 3977 Bl.)
1451 3903 1547 3983 τέχνη.

363 4016 396 4074 si
419 4018 507 4075 reete
529 4030 565 4074 se
589 4012 701 4088 habet,
725 4011 809 4085 quod
834 4010 961 4086 dubito,
987 4006 1002 4068 ὁ
1026 4019 1113 4086 νοῦς,
1136 4007 1301 4083 significat
1323 4003 1340 4067 ‘o'
1360 4015 1495 4068 νοοῦσιν.
1520 4005 1637 4082 Exspe-

364 4118 493 4176 ctabam
518 4112 663 4184 σκοπός
686 4111 742 4192 γάρ
766 4109 844 4172 ἔστιν
868 4108 925 4170 κτὲ.

320 4313 499 4380 Mathonis
523 4316 561 4375 ir.
589 4317 616 4391 1,
645 4316 671 4375 1.
708 4313 769 4372 Pro
797 4333 847 4388 μοι
872 4312 944 4370 sine
968 4326 1070 4371 cause
1093 4332 1152 4369 που
1177 4312 1235 4370 eut
1257 4307 1313 4387 γὰρ
1338 4309 1476 4370 coniecit
1500 4310 1561 4385 Bl.‚
1586 4309 1638 4384 qui

362 4417 577 4477 solliciletum
601 4431 621 4476 a
643 4431 697 4474 me
720 4412 828 4483 πάντες
850 4417 909 4482 (vs,
935 4413 965 4481 3)
996 4412 1083 4471 male
1108 4411 1236 4471 defendi
1260 4425 1279 4470 a
1302 4409 1425 4471 Koclrio
1448 4413 1537 4472 recte
1561 4411 1637 4472 iudi·

363 4534 455 4594 cens,
486 4519 556 4592 ipse
585 4517 735 4592 proponit
765 4514 883 4584 πάντως
914 4513 946 4572 oi
973 4512 1039 4573 θεοὶ
1064 4516 1121 4574 eut
1144 4513 1204 4572 πού
1228 4535 1270 4583 τις
1294 4519 1352 4570 τῶν
1377 4517 1473 4588 θεῶν,
1499 4527 1636 4588 quorum

362 4622 518 4680 neutrum
549 4618 631 4678 mihi
655 4616 771 4693 placet.
802 4617 919 4676 Latere
943 4615 1003 4675 sub
1034 4612 1143 4685 πάντες
1168 4614 1305 4674 verbum
1330 4612 1469 4690 videtur,
1495 4615 1567 4675 sive
1590 4605 1634 4673 εἴτ’

362 4719 514 4797 ἔφηναν
538 4718 569 4778 οἱ
589 4717 671 4794 θεοί,
693 4719 764 4779 Sive
788 4716 885 4778 aliud.
912 4749 952 4760 -
977 4717 1032 4778 VS.
1057 4718 1087 4776 4.
1113 4716 1205 4777 Idem
1229 4715 1327 4777 scribi
1351 4715 1442 4776 iubet
1460 4713 1541 4792 πλὴν
1561 4713 1636 4776 ἐστίν

361 4843 392 4902 γε
415 4820 591 4892 (0111110011.
612 4821 650 4890 A)
674 4827 821 4896 μουσικοῦ
844 4840 924 4889 τινος
947 4834 1004 4893 pro
1023 4817 1248 4894 μουσικωτάτου
1268 4838 1302 4893 τ.,
1321 4816 1375 4890 qui
1396 4819 1509 4877 tamen
1529 4832 1634 4893 super·

360 4924 484 4984 latirus
507 4924 559 4983 est
581 4921 785 4996 aptissimus.
809 4919 968 4992 Equidem
992 4919 1075 4980 secio
1100 4934 1175 4979 curn
1199 4917 1387 4978 editoribus.

318 5025 368 5086 Fr.
394 5026 423 5101 2,
451 5026 478 5084 1.
511 5022 592 5084 Cum
620 5021 668 5082 Bl.
693 5020 764 5094 lege
787 5012 850 5079 ἐσθ’
883 5015 980 5094 tpro
1005 5016 1062 5078 lori
1092 5023 1126 5079 et
1151 5035 1198 5080 ve.
1225 5021 1244 5079 ὅ
1269 5016 1466 5096 euidentior«
1489 5035 1548 5094 pro
1571 5020 1634 5102 τᾴσ-
