3778 5796
850 503 888 562 21

253 677 404 755 ιἰηθάριον
437 677 527 759 ἔχων,
559 697 643 756 quae
675 697 791 758 parum
822 685 978 746 arrident.
1011 683 1045 742 Si
1076 699 1151 742 cum
1178 683 1337 744 Meinekio
1362 683 1452 744 locus
1477 685 1530 743 ubi

251 778 424 842 ludebatur
454 782 695 859 intellegendus
718 789 783 861 est,
815 785 1064 860 corrigendum:

496 882 569 944 κᾶν
592 890 675 957 τοῖς
704 888 809 964 κύβοις
833 883 926 965 ἕστηκ’
952 885 1026 964 ἔχων
1050 885 1082 944 τὸ
1106 884 1226 960 κήθιον.

253 985 410 1045 Incertior
434 989 547 1047 tamen
571 988 679 1048 omnis
705 991 774 1048 tarn
799 990 908 1050 brevis
931 987 1112 1062 fragmenti
1135 987 1333 1048 emendatio.

208 1086 260 1146 Fr.
286 1087 337 1148 29.
362 1087 410 1148 Bl.
436 1093 566 1166 κεφαλῆς
591 1105 648 1166 pro
672 1089 790 1167 φήμης,
818 1092 927 1167 aptius
950 1105 1031 1151 sane
1055 1103 1155 1163 quarn
1179 1095 1284 1165 φωνῆς
1308 1087 1430 1162 (Kock),
1455 1090 1532 1163 quia

252 1187 368 1248 durum
392 1193 445 1250 est
467 1187 697 1269 έξονοιγομένης
721 1192 857 1267 iungere
881 1207 956 1253 oum
981 1191 1139 1266 ἀοθιῆιος.

207 1287 260 1348 Fr.
284 1290 337 1349 31.
369 1290 403 1350 Si
433 1293 659 1354 restituendus
690 1295 894 1369 tetrameter,
926 1308 1000 1354 oum
1039 1292 1088 1352 Bl.
1121 1292 1177 1351 vix
1207 1293 1296 1352 recte
1327 1291 1534 1366 rescripseris

252 1391 500 1466 κρεμβαλιάζουσι
527 1401 773 1468 corporeitate>
798 1394 910 1455 Placet
933 1394 1017 1453 mini
1040 1391 1154 1453 Consti
1176 1392 1331 1467 suspicio.

207 1491 260 1560 Fr.
284 1492 337 1552 34.
363 1493 486 1555 Polluci
509 1494 557 1556 Bl.
581 1496 688 1556 reddit
710 1495 826 1554 λιθίδιο
850 1511 907 1571 pro
931 1493 1065 1554 λιθέάιοι.

207 1593 261 1654 Fr.
285 1595 338 1669 35,
366 1597 394 1656 1.
429 1596 492 1657 Pto
522 1595 554 1656 ol
580 1595 635 1676 γὰρ
665 1597 740 1658 libri
768 1597 846 1658 Alli.
871 1597 952 1657 PVL
975 1603 1033 1658 νῦν
1056 1595 1088 1656 οἱ
1109 1594 1174 1675 γάρ.
1198 1595 1284 1655 Hinc
1307 1595 1355 1656 Bl.
1380 1592 1451 1654 νυνὶ
1473 1592 1528 1674 γὰρ

255 1695 412 1770 <ἀσιιερ>
427 1695 593 1774 ιιενόμενοι.
613 1698 704 1758 Idem
725 1713 774 1758 vs.
793 1700 812 1758 2
832 1701 921 1759 recte
941 1697 1043 1776 βοίδια
1067 1701 1096 1768 (e
1119 1711 1150 1758 v.
1165 1697 1186 1757 l.
1199 1687 1310 1774 βοΐδια)
1331 1711 1388 1772 pro
1411 1696 1530 1773 βούδιο.

207 1795 335 1858 urae.
360 1797 491 1874 Optime
515 1798 563 1860 Bl.
593 1799 822 1873 ‚Describitur,
848 1801 881 1858 ni
905 1798 1011 1875 fallor,
1040 1799 1179 1873 virginis
1203 1798 1343 1859 alicuius
1365 1797 1531 1859 formosae

250 1899 450 1960 rubicundus
472 1914 632 1974 genarum
657 1900 755 1961 color.
779 1900 972 1960 inconsulto
993 1899 1085 1961 Koclr
1109 1900 1193 1960 coni.
1218 1897 1373 1976 έγχολον.”

205 1997 259 2058 Fr.
284 2001 336 2060 37.
360 1999 448 2062 Bene
476 2002 562 2063 idem
586 1999 775 2078 πανσέληνον
799 2002 969 2078 explicans
991 1999 1084 2060 πλέον
1108 2017 1128 2062 a
1151 2001 1349 2062 coniecturis
1373 2001 1531 2062 vindicat.

253 2098 382 2161 comice
405 2101 542 2163 dictum.

204 2200 258 2262 Fr.
286 2203 338 2262 41.
375 2203 463 2263 Meas
497 2205 704 2266 coniecturas
740 2200 879 2264 ἀνέκοπτε
914 2207 948 2264 et
982 2198 1033 2263 τιν’
1073 2207 1166 2277 (quas
1206 2201 1367 2264 Meinelrio
1405 2204 1530 2274 tribuit)

251 2303 367 2376 probat
389 2303 455 2376 Bl.‚
480 2304 519 2364 de
543 2320 635 2366 more
658 2309 771 2366 tamen
796 2307 866 2380 ipse
889 2305 954 2364 alia
977 2319 1162 2380 proponens
1184 2320 1215 2380 p.
1239 2305 1292 2365 30.

205 2402 259 2462 Fr.
284 2404 337 2479 45,
365 2405 392 2465 l.
417 2405 570 2467 Nondum
594 2422 649 2468 me
672 2409 821 2482 poenitet
844 2407 1066 2468 coniecturae:

245 2503 273 2562 εἰ
292 2499 317 2560 d'
347 2505 501 2584 (ἰχθύες)
525 2498 564 2585 ἦν
584 2506 617 2567 τὸ
636 2505 722 2587 γένος
748 2509 919 2574 <τού>των
943 2507 1022 2571 <nat
1041 2505 1112 2584 μὴ>
1135 2505 1251 2567 τοιόνδε
1271 2507 1419 2585 μάχεσθαι
1436 2503 1492 2566 κτὲ.

252 2605 359 2667 deleto
389 2617 448 2667 τῶν
477 2605 665 2686 ἀνθρώπων,
692 2609 893 2685 glossemate
916 2610 1121 2685 pronominis
1143 2607 1265 2668 τούτων.
1292 2643 1329 2654 -
1356 2609 1411 2669 Vs.
1436 2610 1467 2669 3.
1492 2604 1531 2666 ἀν

254 2723 312 2783 pro
337 2703 380 2784 ἀρ’
408 2709 466 2769 vix
489 2711 578 2772 reete
601 2711 650 2772 Bl.
1185 2781 1189 2787 ,

203 2809 259 2869 Fr.
283 2811 338 2886 46,
362 2812 393 2872 4.
418 2811 537 2873 Glover
560 2813 681 2888 repetit
703 2811 847 2888 Emperii
871 2813 954 2874 coni.
978 2810 1063 2891 ψυχὴ
1088 2807 1116 2871 δ’
1142 2809 1292 2884 ἀτέλεστος
1315 2811 1453 2882 duacum
1473 2811 1531 2871 sed

253 2911 338 2972 haud
368 2911 440 2973 sine
469 2928 571 2974 causa
600 2914 725 2976 Koclrio
756 2918 932 2990 suspectus
964 2917 1016 2975 est
1043 2915 1074 2974 h.
1098 2914 1121 2975 l.
1144 2928 1262 2975 versus
1292 2913 1530 2991 paroemiacus.

251 3012 406 3074 Fortasse
428 3013 604 3088 legendum
627 3013 710 3093 ψυχὴ
735 3010 763 3074 δ’
789 3011 939 3087 ἀτέλεστος
964 3014 1087 3074 ἀτιεστίν
1109 3033 1173 3084 σοις
1200 3015 1409 3090 ingeniosius
1431 3027 1531 3088 quam

253 3115 360 3175 verius
380 3115 428 3176 Bl.
447 3114 502 3191 τὴν
524 3114 627 3194 ψυχὴν
658 3113 690 3176 δὲ
713 3116 867 3187 ιιελειάἀος
891 3116 996 3195 ἴσχεις,
1019 3117 1104 3191 quod
1129 3118 1201 3192 ipsa
1220 3116 1379 3178 violentia
1397 3115 1530 3176 damna·

250 3221 313 3292 tur,
348 3230 408 3277 nec
441 3218 609 3292 probanda
638 3218 766 3279 inutilis
797 3219 945 3279 eiusdem
974 3219 1057 3280 coni.
1095 3233 1143 3278 vs,
1175 3219 1194 3278 2
1227 3216 1258 3278 έν
1289 3215 1384 3300 ἀκόνῃ
1414 3233 1472 3294 pro
1500 3210 1533 3302 λ’ι

251 3315 360 3398 areop,
384 3333 483 3392 quam
506 3320 676 3393 suggessit
699 3319 729 3380 ei
753 3319 898 3380 Coraesii
921 3320 1161 3395 interpretatio,
1183 3323 1216 3379 et
1239 3319 1324 3382 falsa
1342 3322 1395 3380 est
1413 3319 1531 3379 llureti

251 3435 349 3493 quam
380 3421 591 3482 commendat
624 3422 813 3486 coniectura
842 3419 1115 3501 οσονθηγομένοο,
1149 3422 1227 3495 quia
1256 3420 1422 3494 iungenda
1453 3425 1532 3480 sunt

254 3521 353 3582 verba
375 3519 576 3602 κάγχειριδίου
600 3522 733 3594 κοπίδος.

204 3620 259 3680 Fr.
282 3623 335 3697 47,
363 3624 393 3684 3.
419 3623 590 3684 Fortasse:
615 3620 724 3700 κνημὶς
748 3620 780 3682 δὲ
811 3621 878 3700 περὶ
901 3631 1058 3700 σφυροῦ
1082 3616 1190 3701 ἀρθρ’
1216 3621 1329 3700 ἴσχει.
1354 3623 1530 3698 Perperam

251 3721 341 3784 Koclr
358 3721 426 3798 ἀρτ
437 3724 561 3801 ἀετοι,
580 3725 665 3799 quod
680 3725 816 3786 verbum
829 3725 915 3800 apud
928 3725 1058 3786 Atticos
1070 3740 1202 3810 semper
1215 3723 1364 3784 vocalem
1373 3724 1531 3799 producit.

204 3823 259 3884 Fr.
284 3826 336 3898 54,
353 3828 380 3886 l.
405 3825 453 3886 Bl.
478 3823 528 3884 καὶ
552 3835 714 3905 κωκηκῆροι
738 3831 795 3888 aut
818 3826 870 3886 τόν
894 3847 923 3886 τε
947 3835 1132 3904 τροπωτῆρα.
1159 3827 1191 3886 si
1215 3825 1291 3900 quid
1316 3825 1530 3899 mutandum,

252 3941 301 3986 vs.
326 3927 345 3986 2
376 3927 491 3988 malim
522 3927 555 3988 τό
585 3950 615 3988 τε
645 3933 715 4005 (pro
738 3927 799 3999 καὶ)
821 3927 1073 4008 προσκεφάλαιον.
1100 3963 1139 3972 -
1164 3928 1219 3989 Vs.
1245 3929 1265 3988 3
1296 3943 1362 3988 non
1385 3926 1531 4002 praefero

251 4029 398 4090 eiusdem
422 4029 693 4104 supplementum
717 4027 773 4108 ἐγὼ
796 4028 950 4108 ροθιάζειν
973 4029 1112 4090 Dobraei
1137 4030 1284 4090 invento.

204 4129 259 4190 Fr.
285 4130 336 4204 58,
361 4131 381 4191 3
405 4147 454 4204 sq.
478 4131 609 4206 Bergkii
633 4133 716 4192 coni.
741 4133 859 4206 probat
882 4131 947 4204 Bl.;
971 4131 1021 4191 ita
1042 4133 1154 4192 tamen
1180 4130 1276 4190 malit
1299 4127 1380 4206 ἔχεις.

205 4231 260 4291 Fr.
285 4232 337 4306 63,
363 4235 393 4292 5.
429 4232 554 4290 ιιάντο
588 4232 729 4311 ταρίχη
764 4233 1020 4294 salsamenti
1052 4247 1171 4293 omne
1205 4245 1348 4306 genus.
1383 4230 1532 4291 Pessime

253 4331 359 4392 τινιιτά
378 4333 428 4395 Bl.
452 4334 548 4396 Add.
572 4351 603 4409 p.
629 4336 704 4396 289.
722 4367 758 4376 —
773 4334 828 4396 Vs.
855 4337 885 4396 6.
910 4334 1011 4395 Recte
1030 4334 1118 4395 idem
1137 4334 1254 4408 probat
1273 4331 1409 4393 Iacobsii
1424 4348 1532 4394 emen·

252 4434 419 4496 dationem
462 4426 523 4495 αὖτ’
567 4437 775 4510 (quantocius
817 4435 1063 4510 recipiendam),
1113 4435 1186 4496 coll.
1230 4435 1348 4510 Metag.
1384 4434 1415 4494 ΙΙ
1451 4435 1531 4510 751;

253 4535 374 4598 Oratio.
405 4537 436 4597 li
471 4538 551 4610 111;
584 4538 638 4598 Ar.
671 4536 768 4612 vesp.
804 4538 897 4613 1015,
930 4537 1004 4597 Pac.
1041 4537 1135 4597 1270.
1161 4571 1201 4578 —
1227 4535 1281 4597 Vs.
1310 4537 1360 4596 12.
1386 4536 1477 4597 Licet
1500 4537 1533 4596 in

253 4637 439 4700 Atticorum
482 4641 687 4701 hexametris
721 4639 850 4699 nullum
885 4639 992 4699 norim
1027 4639 1103 4698 huis
1140 4638 1293 4699 licentiae
1327 4637 1532 4714 exemplum,

253 4755 333 4802 usus
362 4745 477 4804 tamen
512 4743 681 4818 epicorum
711 4741 796 4801 satis
825 4741 910 4801 tueri
941 4740 1071 4801 videtur
1102 4754 1201 4814 quam
1227 4739 1421 4800 adulescens
1447 4739 1533 4802 solli-

251 4842 351 4904 citavi
381 4843 591 4919 scripturam.
615 4843 695 4907 Post
718 4840 859 4902 ἐντεῦθεν
883 4841 1045 4917 virgulam
1069 4853 1127 4916 pro
1151 4845 1274 4917 puncto
1298 4840 1420 4902 melius
1442 4843 1535 4916 ponit

253 4945 300 5006 Bl.
325 4979 363 4989 -
387 4945 443 5006 Vs.
470 4947 520 5006 10.
552 4945 742 5020 Legendum
773 4941 997 5020 Κορκυραίους,
1022 4959 1105 5018 quae
1136 4945 1294 5006 constans
1329 4946 1381 5004 est
1411 4943 1534 5004 saeculi

253 5046 308 5108 vti
331 5048 504 5123 scriptura.
524 5047 595 5108 Non
620 5047 706 5107 male
734 5046 877 5106 tortasse
901 5044 949 5105 Bl.
975 5044 1045 5116 τοὺς
1069 5047 1106 5104 lt.
1129 5039 1157 5104 δ’
1185 5040 1209 5105 ὁ.
1235 5043 1406 5122 Ποσειδῶν,
1435 5059 1534 5119 quern
