3778 5796
866 499 909 559 59

270 682 366 746 valde
405 685 488 747 mibi
530 688 663 762 quidem
697 686 909 748 abblandltur
944 686 1031 761 prior
1066 686 1167 762 Angli
1204 685 1405 761 coniectura,
1439 688 1476 746 ut
1509 683 1550 756 εἰς

268 780 420 845 ἀπώλειαν
443 788 605 850 habeatur
627 804 685 864 pro
708 789 910 865 glossemate
934 789 1096 850 formulae
1118 784 1148 859 ἐς
1171 785 1310 866 κόρακας.

224 884 276 944 Fr.
301 886 376 947 201.
401 887 541 950 Frustra
562 890 613 951 Bl.
638 889 770 968 σύνειρε,
796 890 869 953 οολλ.
894 893 950 952 Ar.
975 891 1036 951 Av.
1065 889 1161 950 1079.

223 985 276 1046 Fr.
308 988 382 1050 203.
412 989 541 1067 Duplex
570 990 738 1066 Blaydesii
761 994 934 1053 tentamen
958 992 1087 1067 iugulat
1109 989 1356 1070 νταραοιόρθωσις
1379 986 1550 1048 κιόντων

268 1102 327 1163 pro
356 1089 568 1168 πινόντων,
600 1092 696 1167 quale
722 1107 880 1169 praesens
910 1096 961 1154 est
996 1093 1236 1169 necessarium,
1268 1091 1346 1166 quia
1376 1091 1484 1166 agitur
1511 1090 1551 1150 de

268 1191 396 1252 actione
426 1191 608 1254 identidem
643 1197 794 1271 repetita.
830 1194 1040 1256 Sententiam
1070 1194 1181 1270 potius
1212 1209 1311 1268 quam
1335 1195 1409 1269 ipsa
1433 1194 1551 1268 poetae

269 1293 369 1354 verbe
391 1294 508 1356 afferre
531 1294 664 1357 videtur
685 1297 935 1372 grammaticus.

223 1392 276 1454 Fr.
300 1393 375 1456 206.
398 1393 506 1474 ἄνδρες
529 1412 589 1473 pro
611 1399 716 1471 παῖδας
740 1399 957 1475 expectabam
981 1415 1057 1461 cnm
1080 1397 1268 1473 Blaydesio.

222 1493 275 1557 Fr.
301 1497 375 1559 207.
408 1499 529 1560 Tentat
552 1500 638 1561 idom
663 1515 728 1561 non
752 1501 840 1562 male
862 1499 900 1560 οὐ
928 1498 1042 1580 (γὰρ)
1068 1507 1234 1576 μονοσιτῶν
1261 1489 1386 1562 (ἔσθ’)
1413 1488 1554 1572 ἑκάστοτ’,

267 1596 341 1658 ἀλλὰ
363 1597 413 1659 καλ
434 1597 440 1678 Ι
460 1598 554 1661 ἐνίοτε
577 1600 708 1662 δειπνῶν
737 1599 857 1667 <toro
884 1599 930 1675 δλς
953 1611 1005 1680 τῆς
1028 1597 1149 1680 ἡμέρας.

221 1702 275 1762 Fr.
301 1702 364 1762 207
379 1702 408 1763 b.
434 1695 491 1762 οὖν
514 1699 730 1781 ἀντιχρησάμην
754 1703 828 1764 sine
852 1719 954 1765 causa
976 1703 1025 1765 Bl.

222 1803 275 1864 Fr.
301 1803 376 1880 209,
401 1804 432 1865 2.
455 1801 507 1863 καλ
529 1819 587 1879 pro
609 1800 666 1862 ιάν
690 1805 786 1866 malit
808 1806 857 1866 Bl.
882 1806 1002 1867 Eodem
1027 1807 1098 1866 iure
1120 1819 1170 1865 vs.
1199 1806 1215 1863 l
1244 1802 1343 1865 scribi
1365 1801 1472 1877 possit
1493 1796 1552 1859 ιιάν

267 1919 327 1980 pro
349 1901 408 1964 καλ.
433 1939 473 1949 -
498 1902 665 1966 κατέκειντο
689 1910 816 1968 temero
841 1907 940 1968 idom.

221 2005 275 2066 Fr.
302 2007 377 2067 209.
397 2007 446 2068 Bl.
466 2003 723 2080 sinisteriores
747 2005 889 2087 (ὄρνις)
916 2005 1044 2088 ἀλέκτωρ
1068 2004 1255 2087 condolco>
1277 2002 1324 2065 tet
1353 2006 1552 2082 προκαλεῖται.

267 2108 383 2168 Melius
401 2109 592 2184 scripsisset
611 2108 677 2169 utri.
701 2110 814 2172 Placet
833 2107 968 2189 ὄρθριον
981 2127 1040 2188 pro
1060 2103 1155 2189 ὄρθρῖ
1178 2109 1313 2180 (inserto
1332 2122 1352 2169 a
1370 2105 1550 2180 Lobeclriol,

266 2212 305 2270 ut
326 2210 407 2270 dicit
428 2210 515 2271 solet
538 2206 665 2290 ὄρθριον
688 2209 786 2294 ᾅδειν,
806 2213 917 2273 minus
941 2227 1019 2273 vero
1043 2211 1194 2272 additum
1217 2209 1289 2270 avis
1309 2209 1390 2270 adeo
1410 2207 1480 2269 noti
1497 2193 1551 2266 rio·

268 2311 351 2371 mini
375 2307 467 2390 ὅρνις.
491 2311 663 2374 Fortasse:

314 2410 347 2472 σέ
370 2409 402 2473 tl
425 2414 580 2486 κοκκύζων
604 2413 700 2491 νόμον
724 2411 859 2495 ὄρθριονΓ
876 2413 905 2490 ἐξ
929 2409 1020 2492 εὐνῆς
1044 2416 1233 2493 προκαλεῖται
1258 2408 1395 2489 ἀλέκτωρ.

224 2516 279 2577 Fr.
305 2517 381 2577 211.
440 2514 500 2577 ὅτι
523 2510 554 2577 i'
579 2513 624 2576 ἂν
646 2512 666 2594 ἡ
691 2514 904 2595 ουβώτρια,
926 2510 1012 2594 μήδ’
1038 2511 1142 2595 ἀγαθὴ
1165 2510 1280 2594 γενοιτό
1304 2533 1363 2590 μοι.

440 2615 498 2696 ἔχει
522 2613 554 2678 δὲ
577 2617 673 2695 μόνον
696 2617 863 2690 δακτύλους
887 2611 1077 2695 αὖλητιιιούς.

271 2718 355 2794 Quin
389 2719 518 2781 lateant
551 2720 709 2796 trimetri,
744 2719 832 2781 haud
863 2719 1000 2781 dubium
1036 2733 1110 2780 esse
1143 2733 1226 2794 reor,
1266 2716 1344 2776 licet
1378 2715 1556 2776 dissentiat

268 2820 385 2896 editor,
409 2822 502 2882 ouius
529 2821 738 2884 coniecturas
757 2815 903 2899 οὖτιδανῆ
923 2823 957 2882 et
975 2817 1083 2898 φωνὴν
1104 2825 1179 2894 (qua
1199 2818 1336 2880 tibicina
1352 2810 1398 2895 ἅμ’
1420 2814 1555 2877 αὐλοῦσα

268 2922 320 2982 uti
350 2937 415 2984 non
447 2925 589 2998 poterat)
612 2938 747 2999 prorsus
770 2922 929 2998 improbo.
954 2922 1107 2983 Alterum
1130 2923 1244 2982 autem
1268 2935 1402 2981 versum
1426 2917 1556 2993 egregie

269 3025 458 3086 correxerat
488 3024 636 3086 lisinelre
670 3025 844 3087 inserendo
875 3022 911 3084 οὐ
935 3028 1011 3101 post
1033 3023 1136 3102 μόνον.
1160 3023 1306 3084 Priorem
1330 3019 1555 3082 emendaturis

269 3124 513 3187 observandum
543 3125 712 3187 Pollucem
741 3124 941 3186 scribentem
965 3119 1150 3204 Ἐπίχαρμος
1180 3119 1212 3184 δὲ
1242 3119 1292 3182 uel
1316 3117 1554 3199 ποιμενικὸν

269 3223 356 3303 μέλος
379 3225 541 3288 αὖλεῖσθαι
564 3227 653 3306 φησί,
676 3227 805 3287 Πλάτων
830 3223 863 3288 δέ
886 3223 902 3287 ὁ
926 3225 1056 3304 κωμικὸς
1084 3223 1135 3286 καλ
1158 3221 1382 3304 ουβιοτικὸν
1406 3221 1553 3298 probabi·

266 3327 345 3389 liter
367 3329 429 3392 boe
452 3330 562 3406 ipsum
583 3329 783 3391 adiectirum
807 3328 891 3404 apud
911 3329 1083 3390 Platonem
1103 3327 1238 3403 legisse,
1264 3341 1340 3386 curn
1359 3323 1552 3399 praesertim

267 3445 335 3491 vox
363 3431 514 3511 σοβώτρια
546 3433 609 3493 etsi
644 3432 725 3492 bene
747 3431 893 3493 formata
923 3446 1088 3507 nusquam
1120 3428 1199 3489 alibi
1227 3426 1292 3502 legi
1324 3425 1485 3501 videatur,
1519 3426 1555 3484 ut

267 3531 392 3593 frustra
414 3533 499 3608 apud
523 3533 659 3594 Latinos
679 3533 882 3607 quaesiveris
905 3532 1094 3594 subulca.
1120 3530 1189 3607 Qua
1207 3528 1436 3590 observatione
1456 3526 1555 3586 nixus

268 3647 430 3708 propono:
470 3633 644 3713 (μελύδρια
680 3628 759 3712 δ’),
796 3625 846 3693 οἷ’
885 3629 931 3692 ἂν
972 3625 1029 3716 ᾖΙΙ
1055 3625 1187 3711 sudarii
1226 3627 1329 3690 αὐλεῖν
1364 3622 1412 3705 ἥδ’
1451 3623 1555 3706 ἀγαθὴ

268 3730 383 3813 γένοιτό
418 3755 487 3811 μοι,
515 3731 527 3815 ΙΙ
550 3733 607 3813 ἔχει
649 3730 682 3795 δέ
716 3733 813 3813 μόνον
839 3733 934 3800 (αὖ)
964 3734 1130 3805 δακτύλους
1162 3730 1349 3808 αὐλητικούς.
1381 3728 1554 3789 Utinam

271 3834 397 3897 haece
420 3838 520 3912 apta
542 3836 646 3897 milri
670 3836 730 3897 sit
753 3836 937 3898 tibicina
960 3837 1196 3897 carminum
1220 3833 1552 3907 subulclcorum,

272 3936 399 3998 habet
434 3939 574 3999 autom
610 3939 699 4000 fere
734 3938 895 4013 digitos
931 3938 978 3998 ad
1014 3952 1102 3998 eam
1144 3952 1229 3999 rem
1267 3935 1454 3996 idoneos.
1488 3932 1556 3993 Nec

271 4039 385 4100 tamen
418 4039 458 4102 de
492 4054 572 4100 uera
602 4039 738 4100 tibicina
769 4039 929 4100 eiusmodi
961 4040 1162 4116 carminum,
1195 4053 1278 4113 quae
1301 4037 1442 4100 fortasse
1466 4034 1557 4096 nulla

271 4153 417 4212 unquam
437 4140 544 4217 fuere,
564 4140 622 4201 sed
642 4141 753 4216 potius
777 4140 817 4201 de
843 4138 991 4222 ὑομουολᾳ
1015 4140 1159 4214 quadam
1184 4154 1294 4200 sermo
1317 4152 1391 4199 esse
1416 4137 1555 4197 videtur.

271 4240 394 4316 Nempe
417 4242 476 4302 rix
498 4241 612 4303 dubito
635 4242 714 4316 quin
737 4242 845 4302 subsit
868 4242 1017 4303 Platonis
1041 4242 1151 4302 verbis
1181 4240 1349 4302 sententia
1372 4238 1555 4301 obscaenis·

271 4341 371 4419 sima,
402 4342 530 4403 scilicet
563 4337 580 4403 ὁ
614 4340 706 4414 αὐλός
737 4343 782 4403 sit
816 4341 1021 4418 mentula,
1055 4358 1154 4416 quam
1179 4341 1292 4417 digitis
1314 4341 1386 4400 suis
1416 4354 1556 4400 movens

270 4443 401 4504 dicatur
428 4443 539 4519 puella
567 4439 706 4522 ονβωιίχ’
742 4442 845 4503 αὐλεῖν
875 4440 988 4522 ἀγαθή.
1023 4443 1173 4505 Indidem
1209 4442 1440 4517 explicandum
1471 4439 1556 4514 quod

271 4542 403 4619 Eupolis
432 4548 679 4623 yloenassem,
709 4560 793 4620 quae
824 4545 953 4620 proprie
977 4539 1072 4621 esti
1100 4543 1184 4622 θήκη
1207 4553 1267 4604 τῶν
1290 4541 1401 4619 αλλων,
1424 4543 1558 4603 vocavit

271 4642 303 4704 τὸ
333 4649 506 4724 γυναικεῖον
536 4643 651 4725 μόριον.
676 4646 746 4706 Nisi
769 4645 887 4707 Pollux
911 4645 942 4705 X
969 4647 1031 4707 154
1057 4645 1179 4707 diserte
1203 4646 1353 4707 moneret
1376 4642 1556 4704 Fimoolem

272 4742 320 4805 inl
342 4754 395 4806 τοῦ
418 4743 541 4826 ἀγγείου
564 4745 653 4808 idem
676 4746 875 4808 vocabulum
900 4747 1106 4824 adhibuisse,
1132 4748 1232 4809 etiam
1253 4746 1287 4806 in
1305 4746 1404 4806 huius
1423 4745 1462 4806 ir.
1483 4744 1555 4805 PK.

268 4847 471 4910 obscoenum
500 4847 613 4909 lusum
639 4847 826 4924 suspicarer
848 4850 982 4924 propter
1007 4848 1144 4910 verbum
1169 4848 1362 4927 βαλανεῖον,
1386 4863 1449 4922 quo
1473 4847 1545 4908 iocu

270 4950 384 5012 lariter
417 4951 467 5012 uti
502 4951 646 5025 potuerit
676 4951 771 5024 quasi
801 4951 898 5011 ducto
922 4965 942 5011 a
965 4949 1097 5030 βάλανος
1129 4949 1283 5026 (glans).
1315 4951 1361 5010 At
1384 4947 1453 5008 fleri
1477 4963 1558 5009 sane

270 5055 394 5128 potest,
420 5053 458 5112 ut
480 5052 719 5126 grammaticus
744 5067 820 5113 eum
843 5051 952 5112 locum
977 5066 1042 5111 non
1064 5049 1279 5112 intellexerit.
1300 5051 1466 5124 Blaydesii
1485 5065 1556 5110 con·
