3718 5788
834 524 898 584 299

245 710 398 784 proponit
427 722 485 782 pro
515 706 656 768 absurdo
687 708 851 784 δίμορφον,
882 708 965 781 quod
996 708 1091 768 facile
1122 709 1212 769 nasci
1241 711 1349 785 potuit
1371 727 1412 773 ex
1436 713 1524 775 illius

245 809 449 886 glossemate
472 807 663 885 δύσμορφον,
685 809 896 884 aptissimum
922 811 1033 870 autem
1057 812 1109 870 est
1132 811 1275 870 Socratis
1299 814 1478 886 epitheton.

201 912 251 971 Tr.
278 911 353 972 388.
378 910 490 971 Placet
513 911 601 986 prior
624 910 789 985 Blaydesii
813 912 971 973 correctio
998 905 1089 974 <σ’>
1117 909 1181 988 ἔχει.

201 1013 252 1073 Tr.
277 1013 341 1072 339
367 1011 456 1072 Ionis
478 1011 595 1083 tragici
619 1011 658 1075 lr.
683 1013 724 1074 55
750 1017 790 1087 (μ.
816 1013 891 1084 743)
916 1029 989 1074 esse
1015 1014 1143 1073 censuit
1170 1014 1291 1075 Nauck.

201 1115 251 1174 Tr.
277 1115 352 1175 391.
378 1113 519 1173 Probata
541 1113 676 1173 Kusteri
700 1129 748 1174 vs.
776 1116 791 1172 1
818 1114 1018 1175 correctione
1042 1114 1184 1175 alterurn
1209 1115 1257 1174 sic
1280 1117 1395 1177 scribit
1418 1118 1484 1178 Bk:

511 1211 569 1292 ἔχει
592 1208 619 1272 δ’
646 1211 786 1292 ἀφορμὰς
809 1212 913 1292 καιρὸς
937 1211 1193 1293 ὁμολογουμένως.

200 1317 251 1378 Pr.
277 1318 351 1393 394,
378 1318 408 1376 2.
445 1315 508 1375 Vix
542 1331 664 1377 sanum
695 1319 749 1377 est
778 1314 863 1392 ἴσως,
892 1333 950 1392 pro
981 1332 1043 1392 quo
1067 1316 1116 1376 Bl.
1141 1319 1216 1392 apte
1248 1319 1388 1380 coniecit
1415 1318 1525 1396 τόμους

245 1417 297 1478 1191
320 1417 419 1493 τόμον.

198 1519 250 1580 Fr.
276 1521 350 1579 405.
908 1515 1133 1597 ἀνθρώπων
1158 1517 1257 1598 μένοι

511 1615 615 1693 ὀφλεῖν
639 1616 749 1698 γέλωτα
773 1623 907 1696 κρεῖττον
930 1616 950 1698 ἦ
974 1617 1089 1696 μέμψιν
1112 1624 1224 1680 θεῶν.

242 1723 448 1783 Sententiam
469 1721 637 1796 postulare
657 1720 787 1781 dativus
806 1721 877 1781 eive
897 1718 1050 1805 ἀνθρώπῳ
1063 1755 1107 1764 -
1119 1725 1181 1804 θεῷ
1202 1723 1273 1784 sive
1292 1719 1466 1802 ἀνθρώποις
1481 1761 1521 1770 -

241 1827 325 1894 θεοῖς
361 1824 427 1883 iam
464 1822 544 1884 olim
574 1823 699 1882 monui.
735 1822 935 1882 Praestat
971 1822 1018 1882 ab
1053 1823 1221 1883 homine
1256 1824 1522 1897 (hominibus)

242 1925 418 1985 irrideri
441 1938 563 1998 quam
588 1923 833 1997 vituperari
858 1938 878 1983 a
900 1923 974 1984 deo
998 1923 1094 1994 (dis).

199 2027 250 2086 Tr.
275 2026 339 2086 417
365 2041 436 2101 sqq.
468 2025 562 2100 Apud
590 2023 799 2098 Apostolium
823 2024 867 2082 IV
892 2025 966 2085 6811
990 2024 1078 2084 mele
1108 2024 1172 2099 legi
1196 2021 1379 2103 ἀψοχόοερος
1402 2032 1521 2106 λαγωοῦ

241 2127 463 2206 φεύγοντος
487 2139 545 2201 pro
572 2123 727 2204 Φρυγός
752 2128 801 2194 (ut
825 2125 941 2185 Strabo
966 2126 1073 2195 habeti
1098 2125 1288 2187 observavit
1310 2129 1483 2191 Headlam.

197 2228 247 2290 Tr.
273 2229 348 2302 420,
374 2229 404 2288 2.
438 2227 500 2287 Pro
539 2225 615 2304 ἦρος
650 2225 772 2299 requiri
808 2223 871 2302 ἥρω
914 2227 985 2286 sivo
1020 2225 1102 2303 ἥρων
1136 2228 1278 2288 antebac
1312 2231 1436 2290 monui.
1473 2232 1518 2294 (11.

240 2330 444 2404 11111168.
508 2315 511 2322 '

197 2431 246 2491 Tr.
270 2433 333 2492 427
358 2431 543 2506 perincerta
564 2429 680 2490 nititur
703 2428 899 2490 conlectura.

197 2533 246 2594 Tr.
270 2535 346 2594 433.
373 2534 513 2594 Omnino
538 2531 603 2592 vid.
627 2530 739 2590 Nauck
764 2530 837 2591 Mel.
862 2529 906 2588 Vi
930 2546 960 2605 p.
988 2527 1060 2606 137,
1085 2533 1140 2605 qui
1160 2533 1256 2592 affert
1275 2533 1420 2608 Gregorii
1441 2535 1517 2596 Naz.

192 2660 193 2666 ¹
240 2635 328 2696 Orat.
353 2635 367 2694 Ι
390 2651 420 2710 p.
446 2633 513 2695 50.

198 2737 245 2796 Tr.
270 2737 334 2797 447
358 2735 504 2811 Euripidi
528 2735 626 2794 tribui
651 2751 670 2795 a
693 2734 872 2810 Philopono
892 2735 925 2794 in
950 2736 1052 2795 Arist.
1072 2736 1171 2809 Phys.
1190 2753 1220 2811 p.
1241 2737 1344 2813 2367.
1366 2737 1440 2812 237,
1462 2738 1515 2798 29.

238 2839 360 2912 30914
383 2839 418 2898 et
440 2838 474 2897 in
498 2851 597 2897 aureo
622 2837 732 2896 codice
755 2836 946 2897 Aristotelis
971 2839 1085 2897 monet
1107 2837 1230 2896 Nauck.

195 2940 343 3001 11448.
375 2939 505 3000 Contuli
537 2937 701 3012 quondam
732 2935 833 3000 cicer.
866 2937 905 2996 de
935 2937 1036 2998 divin.
1069 2937 1100 2996 11
1131 2939 1183 3012 59,
1217 2939 1276 2998 121
1315 2939 1414 3013 Quis
1449 2942 1515 3000 est

237 3042 345 3102 enim
370 3041 437 3114 qni
461 3042 599 3099 totum
623 3038 731 3098 diem
755 3038 951 3098 iaculans
975 3039 1055 3099 iam
1079 3054 1157 3098 non
1182 3039 1414 3112 aliquando
1438 3041 1512 3100 col·

236 3143 393 3204 lineet?
418 3141 506 3217 Quae
532 3155 595 3202 vox
619 3139 758 3213 quadrat
781 3140 814 3199 in
839 3141 970 3200 criticos
994 3141 1076 3202 bene
1100 3141 1234 3201 multos.

194 3243 242 3305 Fr.
265 3245 341 3304 449.
377 3241 638 3318 improbabiliter
669 3242 716 3302 Bi.
748 3245 808 3312 τοῖς
839 3237 871 3300 ἐν
903 3241 979 3324 {idon
1003 3238 1159 3317 κειμένοις.
1191 3241 1277 3301 1111111
1303 3241 1510 3302 mutandum.

236 3347 422 3407 Sententia:
448 3345 488 3404 Si
511 3344 605 3418 quis
628 3343 733 3404 mori
758 3342 917 3417 cupiat,
943 3344 1168 3404 moriatur!

194 3445 242 3506 Tr.
265 3449 328 3508 451
365 3462 408 3507 ex
442 3444 608 3520 Eupolidis
643 3441 758 3520 Δήμοις
793 3445 943 3502 sumtum
974 3459 1047 3503 esse
1082 3443 1270 3517 suspicetur
1302 3443 1413 3503 Nauck
1446 3443 1465 3503 1.
1488 3444 1508 3503 l.

234 3564 263 3624 p.
298 3551 370 3610 161.
398 3581 436 3592 —
464 3547 602 3608 Temere
636 3541 665 3615 ἐς
700 3541 812 3603 ἀσπίδα
847 3544 920 3605 vult
954 3545 1002 3605 Bl.
1038 3543 1084 3605 Of.
1122 3544 1196 3604 Eur.
1232 3544 1256 3603 1.
1281 3542 1317 3602 T.
1357 3546 1440 3604 1237
1479 3543 1510 3602 ἐν

233 3647 345 3732 κιθάρᾳ
368 3647 474 3723 σοφόν.

193 3749 240 3810 Tr.
264 3752 340 3812 453.
366 3748 527 3811 Probabili
551 3748 739 3808 coniectura
761 3746 874 3808 Nauck
898 3761 916 3806 e
940 3747 978 3807 fr.
1004 3748 1068 3807 494
1092 3745 1241 3823 supplet:

481 3848 571 3933 (ἥλῳ
595 3847 646 3907 τὸν
668 3838 757 3923 ἧλον,
779 3845 914 3929 παττάλῳ
938 3845 989 3906 τὸν
1012 3846 1205 3921 adoratum>

476 3951 548 4034 οἴνῳ
571 3948 623 4009 τὸν
646 3941 741 4022 οἶνον,
762 3946 911 4030 κραιπάλῃ
935 3943 966 4007 δὲ
989 3947 1167 4027 κραιπάλην.

231 4055 323 4116 Unde
346 4053 448 4116 simui
470 4054 605 4128 apparet
628 4051 750 4110 frustra
774 4050 821 4110 Bi.
847 4052 975 4110 tentare
999 4048 1070 4132 οἴνῳ
1093 4044 1148 4125 μὲν
1172 4040 1265 4107 οἶνον.

190 4155 238 4215 Tr.
262 4159 337 4217 459.
369 4157 440 4215 Iam
471 4150 677 4213 Dindorflum
707 4151 740 4210 in
771 4149 939 4209 Thesauro
970 4153 1003 4210 et
1034 4153 1110 4210 ante
1141 4149 1229 4210 hunc
1252 4149 1408 4210 Bothium
1431 4150 1506 4208 κάπ-

230 4277 321 4336 παριν
344 4255 527 4318 correxisse
549 4254 664 4312 monet
686 4250 808 4311 Nauck.
831 4282 870 4293 —
892 4251 929 4309 In
950 4249 1014 4311 fine
1038 4251 1149 4310 nescio
1170 4265 1211 4310 an
1232 4251 1385 4310 recteB1.
1406 4255 1506 4326 ponat

229 4359 360 4434 signum
384 4353 620 4429 interrogandi,
646 4351 717 4411 coli.
742 4350 921 4426 Antiphan.
946 4351 994 4410 111
1019 4353 1060 4411 52
1086 4352 1125 4410 Μ.

189 4457 334 4520 Tr.461.
359 4457 471 4518 Nauck
495 4455 567 4516 Mel.
592 4453 636 4514 111
659 4468 689 4527 p.
717 4455 776 4513 161
809 4467 950 4512 monens
978 4453 1060 4526 apud
1084 4453 1299 4514 Plutarchum
1324 4454 1388 4528 legi
1411 4452 1506 4536 ᾔδειν,

229 4560 282 4620 cst.
306 4558 486 4619 Philodem.
517 4554 582 4633 arpi
612 4552 788 4631 ποιημάτων
818 4553 881 4614 vol.
914 4553 1009 4614 Herc.
1042 4554 1090 4613 etl.
1125 4555 1185 4616 Ox.
1208 4555 1239 4613 II
1271 4570 1300 4629 p.
1329 4557 1391 4615 153
1416 4549 1432 4613 ὃ
1455 4554 1504 4614 καὶ

226 4657 296 4738 πρὶν
321 4657 448 4738 Θέογνιν
470 4654 623 4736 γεγονέναι
645 4653 815 4733 κατείχομεν
839 4658 872 4715 et
895 4654 1071 4716 4111111111.
1093 4656 1129 4715 N.
1144 4657 1254 4730 Α.13,
1272 4657 1310 4716 19
1332 4673 1349 4716 e
1369 4657 1503 4718 Luciliu.

187 4759 234 4822 Tr.
257 4763 333 4824 470.
364 4760 516 4822 Alterum
545 4754 580 4836 ἢ,
611 4757 683 4818 coll.
715 4756 847 4817 Thesm.
880 4757 955 4830 919,
988 4756 1075 4817 delet
1097 4756 1144 4816 Bl.
1178 4757 1248 4816 Non
1277 4757 1371 4818 video
1394 4772 1503 4818 neces-

227 4863 371 4924 sitalem.

186 4961 233 5023 Nr.
257 4965 332 5024 474.
357 4962 429 5023 vid.
453 4975 554 5037 supra
577 4960 617 5021 ad
642 4961 704 5020 347
720 4971 748 5018 a.

186 5062 232 5124 Tr.
255 5065 320 5126 482
345 5079 461 5140 parum
485 5076 710 5123 numerosum.
735 5058 932 5120 Modulatius
956 5058 1022 5118 Bt:
