3718 5788
831 510 894 569 207

203 695 254 756 Fr.
279 695 354 769 338,
383 697 410 755 1.
442 695 489 756 Bi.
521 699 675 757 revocata
704 698 828 758 tradita
856 696 998 758 lectione
1029 689 1203 769 διαφανέσι,
1234 690 1373 752 coniecit
1406 687 1523 766 χλανίσε

249 792 282 854 δὲ
316 793 590 870 deambulator>
624 796 977 877 περιβεβλημένοι,
1012 795 1085 858 coll.
1121 796 1175 855 Ar.
1207 795 1282 868 Lys.
1317 790 1353 851 τὰ
1387 790 1522 867 διαφανῆ

248 899 382 976 χιτώνια,
416 900 470 959 ubi
500 903 612 960 tamen
643 901 682 961 de
713 902 803 962 cultu
835 902 944 976 agitur
967 898 1178 961 muliebri.
1203 897 1243 958 Iit
1268 911 1382 957 versus
1405 911 1521 970 parum

247 1005 299 1061 est
332 1002 530 1062 modulatus.
566 1002 718 1063 Ceterum
749 1001 993 1082 περιβεβλημένοι
1025 1007 1094 1078 (pro
1124 995 1384 1076 περιπεπεμμένοιλ
1414 999 1523 1073 aptius

248 1104 376 1164 videtur
398 1119 497 1179 quam
521 1104 648 1164 Heinsii
672 1105 858 1166 coniectura
880 1100 1150 1181 περιπετιλεχμένοτΙ
1173 1136 1211 1145 -
1233 1102 1280 1162 De
1301 1116 1378 1162 voce
1398 1098 1522 1177 μαστίχη

247 1205 335 1266 idem
366 1206 420 1266 cit.
453 1207 584 1267 Lucian.
618 1207 691 1266 adv.
722 1208 842 1268 indoct.
867 1209 919 1268 23.
946 1240 985 1251 -
1011 1205 1066 1266 Vs.
1092 1206 1122 1266 4.
1156 1204 1301 1264 Praefert
1324 1219 1355 1262 v.
1380 1202 1401 1262 l.
1433 1223 1522 1259 πατα-

248 1305 458 1382 πεπλασμένως.

205 1408 255 1468 Fr.
279 1408 354 1482 340,
380 1409 410 1469 2.
441 1408 630 1483 Simplicius
660 1409 693 1468 in
718 1410 817 1470 Arist.
843 1410 953 1485 Gateg.
979 1409 1050 1471 87b
1075 1409 1117 1469 36
1141 1408 1190 1468 ed.
1215 1407 1286 1466 Ber.
1312 1405 1411 1465 babet
1432 1401 1522 1475 καλός

247 1504 269 1586 γ’
296 1505 312 1568 δ
338 1510 510 1586 Πειραιεύς,
533 1510 696 1571 indicante
720 1511 878 1587 Nauckio‚
904 1512 955 1572 cui
978 1527 1027 1572 vs.
1049 1511 1069 1572 b
1089 1510 1230 1570 fortasse
1250 1507 1345 1567 alteri
1365 1521 1522 1580 personae

246 1610 438 1672 tribuendus
462 1612 599 1686 videtur,
625 1613 701 1686 quia
723 1613 820 1673 aliter
844 1607 870 1672 ελ
891 1615 1132 1690 expectaretur.
1159 1610 1354 1671 Verissimel

203 1711 253 1774 Fr.
279 1714 352 1787 341,
380 1717 395 1772 i
422 1715 455 1773 et
479 1714 508 1774 2.
529 1713 611 1774 Cum
634 1713 683 1774 Bi.
719 1715 902 1790 probabiles
933 1716 1015 1776 duco
1045 1713 1162 1775 Naberi
1193 1713 1398 1772 coniecturas
1425 1714 1522 1786 τοῖχον

247 1829 304 1889 pro
334 1813 437 1892 βωμόν
468 1817 502 1875 et
531 1812 627 1892 εὑρὼν
659 1831 716 1890 pro
747 1813 828 1894 ἔχον.
856 1851 896 1860 -
920 1817 975 1877 Vs.
1007 1819 1038 1876 4.
1068 1816 1168 1875 Recte
1200 1810 1413 1889 τιθέμενοι-
1441 1831 1522 1881 τινος

248 1916 332 1976 tueri
355 1917 483 1978 videtur
505 1917 606 1978 Kock.

204 2017 253 2076 Fr.
278 2019 353 2092 346,
379 2018 409 2078 2.
434 2018 575 2079 Versum
598 2019 805 2094 ineptissime
828 2020 975 2080 additum
997 2019 1115 2079 merito
1135 2016 1326 2092 proscripsit
1344 2014 1467 2074 Nauck.
1482 2047 1522 2056 -

248 2118 302 2179 Vs.
338 2121 368 2180 3.
412 2117 506 2178 αὐτοῦ
547 2121 658 2182 nescio
700 2136 742 2182 an
784 2124 872 2182 recte
915 2122 1060 2195 requirat
1094 2118 1158 2193 Bl.;
1194 2120 1363 2193 praeterea
1397 2115 1522 2190 corrige

247 2214 436 2299 γί<γ>νεθ’.

206 2321 255 2380 Fr.
280 2322 343 2381 347
358 2337 386 2382 a.
416 2322 486 2383 Hoc
509 2323 745 2400 fragmentum,
771 2340 837 2385 non
858 2325 898 2385 ir.
924 2326 988 2384 474
1013 2329 1061 2394 (ut
1086 2324 1171 2384 male
1195 2322 1294 2384 refert
1306 2320 1367 2389 Bl.)
1390 2323 1522 2395 propter

248 2426 406 2484 aoristum
431 2422 488 2499 ἔφα
513 2426 699 2486 comoediae
723 2426 915 2487 abiudicavi.

208 2525 255 2586 Fr.
281 2528 356 2602 346,
382 2527 411 2587 2.
437 2526 483 2588 cf.
508 2527 634 2602 Nauck,
660 2527 732 2588 uei.
758 2527 800 2586 VI
824 2544 853 2603 p.
882 2529 953 2588 160.

206 2627 255 2688 Fr.
279 2631 353 2704 349,
381 2630 408 2689 1.
432 2629 559 2689 Vitium
583 2631 755 2690 metricum
781 2630 952 2691 scribendo
975 2627 1004 2701 ἐς
1033 2625 1122 2690 <δὲ>
1150 2629 1293 2689 correxit
1315 2627 1412 2688 idem.

206 2729 254 2789 Fr.
279 2731 344 2791 360
378 2730 494 2806 tragici
528 2745 601 2792 esse
634 2731 771 2791 videtur.
804 2732 937 2805 Legitur
973 2747 1049 2792 vero
1081 2731 1159 2792 Mor.
1190 2747 1220 2806 p.
1246 2731 1347 2805 344,
1380 2730 1418 2790 de
1447 2729 1519 2790 aud.

247 2831 364 2904 poetis.
390 2865 430 2875 -
455 2831 510 2892 Vs.
537 2833 565 2893 2.
591 2832 783 2907 scripserim
808 2831 885 2891 ὅπου
910 2842 1007 2916 προσῇ
1031 2855 1056 2890 τι
1080 2837 1149 2908 (pro
1172 2829 1215 2902 τὸ)
1238 2829 1354 2902 κάλλος.

206 2929 255 2992 Fr.
281 2933 355 2993 362.
380 2933 427 2995 Gi.
450 2934 562 2994 Nauck
586 2934 606 2994 l.
621 2934 641 2994 l.

204 3031 253 3093 Fr.
279 3034 353 3096 363.
378 3035 462 3096 Cum
484 3036 532 3096 Bi.
557 3036 685 3110 legatur
710 3033 768 3095 ὑπὸ
792 3044 844 3113 τῆς
866 3043 929 3116 γῆς.

205 3131 253 3194 Fr.
278 3136 353 3211 364,
375 3137 405 3197 2.
429 3145 492 3208 πῶς
523 3135 559 3196 οὐ
590 3135 709 3216 περιττὰ
739 3134 803 3197 καλ
834 3138 1014 3210 παιδιαῖς
1046 3136 1318 3218 προσεοικότα.
1343 3137 1521 3213 corrigitur

247 3244 309 3308 πῶς
349 3237 386 3297 οὐ
430 3237 548 3314 περιττὰ
588 3239 771 3311 παιδιαῖς
805 3233 825 3298 τ’
864 3237 1038 3320 ἒοιιιότα.Ι
1070 3242 1132 3303 Sed
1166 3242 1340 3316 suspectae
1375 3241 1454 3300 sunt
1487 3240 1520 3298 in

248 3340 413 3400 comoedia
432 3340 556 3402 formae
579 3337 705 3400 ἐοικέναι
733 3344 767 3402 et
789 3338 906 3416 ἐοικώς,
928 3344 1038 3417 itaque
1061 3343 1177 3404 malim
1201 3346 1259 3404 aut
1281 3339 1412 3420 περιττά,
1438 3361 1521 3398 παι-
1542 3381 1551 3398 .

248 3437 351 3511 δίαις
374 3441 613 3516 προσεικότα
636 3445 692 3503 aut
716 3441 835 3521 περιττὰ
857 3443 1065 3504 παιδιαῑσί
1086 3438 1106 3502 τ’
1133 3442 1275 3503 εἰκότα.

206 3541 253 3600 ΕΤ.
277 3542 351 3603 366.
509 3540 569 3602 ἀπὸ
592 3551 643 3620 τῆς
667 3544 804 3628 πατρῴας
827 3542 923 3617 ἕστλοις
947 3544 1089 3624 ἐξέρχεται

513 3643 591 3704 κάτω
615 3644 752 3722 κεκνφδνς
775 3644 839 3705 καλ
863 3646 1014 3725 μηδένα
1037 3657 1111 3708 τῶν
1135 3645 1399 3706 ἀπαντώντων

514 3743 550 3818 ἕξ
574 3743 760 3808 ἕναντλοο
783 3747 1049 3827 προσβλέπων.

249 3845 297 3906 lix
320 3845 372 3906 his
396 3846 553 3919 [Luciani]
577 3849 688 3909 Amor.
713 3850 755 3909 44
780 3850 888 3910 verbis
912 3851 1092 3912 effecerunt
1115 3865 1200 3910 uss:

514 3947 591 4009 κάτον
615 3947 751 4025 ιιειιοφὼς
774 3944 921 4011 κούδὲν’
949 3949 986 4024 ἐξ
1010 3950 1198 4011 ἐναντίου

513 4060 725 4128 προσορῶν.

249 4152 293 4211 At
316 4167 383 4214 non
406 4150 455 4211 sic
477 4166 591 4226 graece
615 4153 742 4229 dicitur,
767 4155 824 4214 sed
854 4152 1122 4234 προσβλέπειν
1146 4152 1326 4214 ἐναντίον
1350 4153 1442 4228 τινί,
1465 4157 1522 4215 aut

249 4249 516 4330 ἀντιβλέπειν,
546 4269 645 4328 quare
677 4254 772 4330 longe
795 4258 998 4330 praestiterit
1020 4258 1091 4318 sola
1114 4258 1215 4318 verba
1237 4255 1297 4316 ἀπὸ
1323 4292 1361 4301 -
1386 4256 1521 4328 πεκοφώς

248 4359 376 4428 poetae,
401 4354 472 4414 sive
495 4355 620 4416 comico
643 4357 713 4416 sive
737 4359 876 4441 tragico,
901 4359 1057 4435 tribuere,
1083 4359 1208 4434 reliqua
1231 4360 1293 4434 ipsi
1317 4359 1477 4434 scriptori.

207 4453 255 4514 Fr.
279 4455 354 4529 374,
380 4456 409 4514 2.
434 4453 482 4514 Bi.
506 4451 615 4516 τᾶνδον
638 4454 868 4531 proabbates
892 4461 1001 4521 nescio
1025 4475 1067 4520 an
1091 4463 1188 4522 recte.

206 4555 254 4614 Fr.
279 4557 354 4630 aio,
380 4557 409 4616 2.
436 4557 527 4617 Idem
551 4557 645 4616 πότοι.
669 4558 735 4633 Ego
758 4559 842 4621 facio
866 4577 942 4622 cum
966 4562 1126 4622 Neinekio
1150 4565 1183 4622 et
1207 4560 1336 4623 (lobeto.

207 4655 254 4716 Fr.
280 4659 354 4718 3i6.
376 4657 424 4717 Bl.
449 4673 513 4719 non
535 4661 683 4734 mutans,
709 4661 766 4720 sed
786 4665 1003 4737 transponens
1025 4663 1123 4723 verba
1142 4662 1336 4739 Clementis,
1358 4662 1521 4738 proponit:

513 4754 529 4818 ὁ
557 4755 670 4836 (μὲν)
697 4759 787 4833 ἵππος
810 4761 903 4822 αὐτοῦ
917 4810 1022 4823 ......

514 4857 620 4920 ἕστλν
643 4863 795 4922 ταλάντων
818 4862 1014 4926 πεντεκαιδεκ’
1041 4865 1123 4940 δι’ξιος

248 4960 309 5022 Sed
333 4975 398 5022 non
421 4962 590 5023 ferendum
614 4963 743 5025 videtur
766 4965 925 5028 auxiliare
947 4969 1083 5030 verbum
1104 4968 1181 5029 ἐστίν
1202 4971 1235 5031 in
1254 4969 1395 5030 trimetri
1415 4967 1521 5040 initio,

248 5062 302 5122 ubi
325 5063 447 5136 optime
466 5063 596 5137 ponitur
616 5061 707 5141 ἔστιν,
730 5067 894 5130 existit.
916 5069 1015 5130 Recte
1036 5075 1146 5131 tamen
1167 5072 1402 5131 animadvertit
1422 5069 1522 5140 male,
