3718 5788
979 465 1041 524 144

617 641 672 719 τήν
693 639 811 722 ἡδονὴν
834 641 849 706 ὁ
872 653 988 726 πρῶτος
1011 645 1138 708 αὐτῶν
1161 645 1403 727 καταμαθὼν

616 752 668 822 τῆς
690 745 835 822 λοπάδος,
856 744 1026 826 ἀνεπήδησε
1047 745 1198 828 κᾶφευγεν
1220 749 1318 835 κύκλῳ

615 844 670 923 τὴν
692 841 799 908 λοπάδ’
826 846 910 928 ἔχων,
932 845 1043 910 ἄλλοι
1067 844 1095 909 δ’
1121 847 1246 910 ἐδίωκον
1268 848 1343 910 κατὰ
1365 848 1469 922 πόδας.

617 944 706 1024 ἐξῆν
730 944 948 1022 ὀλολύζειν·
973 951 1003 1011 οἳ
1024 946 1078 1028 μὲν
1101 949 1241 1030 ἥρπασάν
1263 973 1292 1012 τε
1315 950 1386 1032 γάρ,

616 1050 647 1110 οἳ
668 1045 696 1110 δ’
722 1047 827 1128 οὐδέν,
851 1052 882 1112 οἳ
904 1047 937 1112 δὲ
959 1051 1095 1112 πάντα.
1118 1049 1175 1112 κτὲ.

391 1153 448 1213 νε.
476 1154 525 1213 14.
561 1150 675 1228 cirne,
704 1153 774 1214 scil.
806 1153 1037 1230 convivarum,
1070 1155 1126 1215 vix
1157 1169 1290 1231 sanum,
1321 1155 1397 1228 quia
1420 1154 1501 1216 nulli
1524 1155 1559 1215 in
1582 1170 1672 1230 prae·

391 1255 514 1330 gressis
546 1255 704 1315 convivae
734 1259 1048 1317 commemorantur.
1080 1256 1166 1318 Olim
1197 1257 1351 1333 proposui
1373 1253 1389 1317 ὁ
1412 1265 1527 1332 πρῶτος
1550 1253 1673 1334 ἀνθρώ·

392 1377 458 1416 ιιων
476 1357 581 1428 [ἴοιεν]
602 1354 725 1433 μαθών,
748 1371 808 1417 neo
832 1357 952 1419 mallus
971 1357 1068 1420 bodie
1087 1358 1170 1418 mihi
1190 1358 1363 1419 succurrit.
1377 1391 1418 1402 -
1438 1357 1494 1419 νε.
1519 1359 1569 1418 16.
1590 1355 1675 1417 ἄλλοι

393 1456 601 1532 requirunt,
620 1457 678 1518 sed
694 1459 930 1532 comparationi
942 1458 994 1530 (cl.
1007 1455 1099 1536 ἕτερον
1110 1475 1159 1520 vs.
1177 1461 1226 1529 13)
1239 1460 1359 1520 melius
1371 1459 1526 1521 convenit
1537 1459 1677 1519 omissio

393 1557 532 1619 articuli.
559 1591 599 1602 -
619 1558 674 1620 νε.
698 1559 749 1620 17.
781 1555 851 1636 ἐξῆν
874 1554 1025 1631 ὀλολύζειν
1049 1566 1102 1631 (an
1123 1557 1191 1638 ἐξῆν
1216 1555 1280 1631 di)
1310 1560 1552 1639 dubitabundus
1575 1560 1675 1620 inter·

393 1661 518 1734 pretor:
551 1659 713 1738 licebat
742 1659 846 1730 (mibi)
878 1660 1047 1722 ululare
1077 1677 1154 1736 prae
1184 1661 1316 1737 gaudio,
1349 1662 1434 1735 quod
1458 1661 1541 1722 viles
1564 1661 1675 1736 pisces

393 1764 462 1822 tam
487 1763 616 1837 egregie
644 1775 894 1839 apparaveram,
926 1765 963 1824 ut
987 1764 1027 1824 da
1057 1763 1173 1825 imatis
1202 1765 1388 1839 pugnarent
1418 1763 1589 1838 convivae,
1615 1763 1673 1824 sed

392 1863 463 1922 sine
487 1863 709 1924 controversia
731 1863 980 1939 corruptissima
1003 1866 1081 1926 sunt
1105 1865 1204 1926 verba
1226 1864 1256 1925 οἳ
1278 1859 1311 1925 δὲ
1333 1863 1445 1940 πάντα,
1468 1879 1528 1924 neo
1550 1862 1676 1924 sufficit

393 1963 509 2024 Koclrii
540 1963 728 2024 coniectura
751 1961 783 2022 oi
803 1958 830 2022 δ’
857 1960 988 2040 ἐδέοντο,
1018 1965 1120 2026 nimis
1143 1965 1249 2027 debile
1271 1965 1421 2026 verbum.
1452 1963 1518 2024 Nec
1545 1962 1675 2024 felicius

391 2061 477 2125 ιιένιε
500 2079 557 2140 pro
579 2061 677 2122 πάντα
695 2065 867 2139 proposuit
884 2064 1000 2140 Nabar,
1021 2080 1127 2140 neque
1146 2065 1302 2140 intellego
1322 2065 1488 2140 Blaydesii
1501 2067 1674 2124 tentamen

392 2163 424 2225 οἱ
450 2163 558 2235 πάντες
584 2159 622 2222 ἄν
645 2161 753 2242 ἔλαβον
777 2163 880 2245 μόνον.
909 2166 1112 2228 Mediocriter
1142 2168 1243 2228 eiiam
1263 2167 1373 2244 placet
1395 2165 1479 2241 quod
1503 2165 1566 2241 ipsi
1589 2164 1675 2224 mibi

392 2266 483 2327 venit
506 2265 540 2325 in
563 2267 726 2326 mentam:
746 2265 776 2326 ot
794 2259 823 2325 δ’
845 2263 949 2340 οὐδέν,
969 2261 985 2326 ὃ
1009 2261 1036 2327 δ’
1059 2265 1135 2342 ἔφλα
1154 2271 1289 2345 πλεῖστοι,
1307 2265 1401 2327 καίτοι
1423 2263 1489 2342 art,
1510 2267 1587 2340 quia
1606 2264 1675 2326 tale

393 2367 469 2442 quid
493 2367 560 2427 lere
578 2366 769 2428 abundaret.
792 2401 830 2412 ·-
852 2368 908 2429 Vs.
935 2369 987 2430 20.
1008 2367 1035 2428 εἰ
1057 2363 1083 2428 δ’
1105 2366 1214 2449 ἔλαβον
1237 2365 1326 2447 ἄρτι
1349 2366 1497 2444 σκάρον
1528 2359 1598 2443 ἢ’κ
1622 2373 1676 2441 τῆς

393 2471 519 2544 Ἀττικῆς
540 2466 544 2544 Ι
566 2465 826 2546 γλαυκίσκον-ἣ
842 2462 1088 2549 ’ξ’Ἀργους-ἢ
1104 2463 1134 2530 ’κ
1153 2477 1205 2548 τῆς
1224 2473 1392 2540 Σικυῶνος.
1413 2467 1478 2528 sub
1491 2465 1556 2544 ἄρτι
1569 2466 1676 2527 latere

392 2566 502 2647 ἄρκιον
524 2568 664 2632 feliciter
688 2569 771 2630 vidit
789 2571 893 2646 Koclr,
918 2572 975 2633 aad
995 2573 1131 2633 invento
1151 2587 1212 2633 suo
1231 2572 1318 2633 male
1338 2586 1419 2633 usus
1439 2573 1490 2631 est
1509 2569 1677 2630 coniciens

389 2667 513 2749 ἄρκιον,
541 2669 700 2749 σκόμβρον.
732 2671 851 2733 Veram
882 2674 1148 2739 emendationem
1184 2673 1270 2736 ultro
1304 2673 1452 2747 suggerit
1486 2670 1677 2731 observatio

391 2771 501 2833 omitti
523 2785 589 2832 non
611 2772 758 2846 potuisse
781 2776 912 2848 propter
936 2775 1108 2848 sequentia
1131 2775 1202 2837 eius
1221 2775 1320 2850 piscis
1339 2773 1509 2848 originem.
1533 2771 1680 2834 Dederat

392 2888 433 2934 ne
456 2875 555 2949 poeta
577 2868 723 2950 ἄρκιον
748 2873 924 2952 Πάριονν
948 2874 994 2936 cf.
1020 2877 1228 2938 Archostrati
1244 2876 1283 2936 ir.
1304 2890 1355 2950 ap.
1377 2873 1496 2935 Athen.
1517 2873 1565 2933 111
1579 2873 1623 2934 92
1637 2873 1675 2933 d:

390 2972 461 3045 τοὺς
492 2981 549 3049 μῦς
572 2966 668 3045 Αἶνος
697 2971 753 3052 ἔχει
778 2974 940 3055 μεγάλους,
971 2972 1086 3056 ὄστρεια
1111 2971 1137 3034 δ’
1157 2973 1304 3055 Ἄβυδος,
1327 2972 1378 3046 τὰς
1402 2971 1572 3053 ἄρκτους
1598 2975 1635 3032 Π
1641 2973 1675 3031 ά-

391 3095 493 3152 ριοι,
525 3071 596 3144 τοὺς
630 3069 663 3133 δὲ
696 3070 802 3148 κτένας
836 3070 855 3152 ἡ
888 3074 1061 3152 Μυτιλήνη.
1091 3077 1136 3138 At
1166 3077 1237 3138 iure
1261 3077 1344 3138 mibi
1367 3076 1559 3138 obmovebia
1582 3076 1678 3136 urbis

391 3174 478 3236 Parii
508 3174 676 3236 ethnicum
707 3189 781 3237 esse
813 3173 982 3255 Ποριονός,
1012 3177 1096 3251 quod
1128 3192 1192 3238 non
1215 3178 1400 3238 admittunt
1422 3178 1562 3238 numeri.
1586 3175 1671 3252 Quin

389 3276 490 3351 igitur
513 3277 720 3351 reponimus:
1473 3353 1476 3360 Ι

656 3374 684 3436 εἰ
706 3369 732 3436 δ’
758 3373 866 3456 ἔλαβον
890 3375 1035 3456 ἄρκτον
1059 3376 1265 3455 Παρίοθεν
1288 3375 1346 3438 κτλ.

391 3477 559 3538 Facillime
593 3477 987 3539 ΑΡΚΤΟΝΠΑΡΙΟΘΕΝ
1023 3479 1056 3539 in
1085 3479 1350 3540 APTIOKAPON
1387 3479 1477 3540 abire
1520 3479 1672 3552 potuisse

391 3581 479 3642 cadit
509 3579 543 3640 in
574 3578 695 3640 oculos.
721 3610 762 3622 -
782 3578 839 3640 Vs.
871 3580 912 3640 25
941 3594 989 3652 sq.
1022 3579 1123 3640 Recte
1152 3579 1312 3641 Richards
1343 3575 1492 3658 νεκροὺςΙ
1517 3575 1667 3650 <ὄνιος>

392 3680 462 3742 ὅταν
494 3678 550 3740 κτλ.

346 3784 397 3844 νε.
420 3783 473 3844 80.
510 3781 620 3858 „Tosti
655 3783 761 3856 pisces
795 3795 860 3840 non
895 3780 1091 3856 prostabant
1121 3782 1155 3841 ln
1186 3781 1289 3843 ioro.'’
1320 3781 1368 3843 Bl.
1399 3780 1533 3842 Meliora
1557 3778 1673 3840 docuit

391 3882 481 3944 Koclr
506 3883 546 3943 ad
570 3883 600 3942 h.
615 3882 635 3943 l.

346 3984 397 4046 νε.
422 3985 475 4059 84,
501 3983 530 4042 2.
561 3979 636 4040 nard
666 3977 693 4040 δ’
728 3975 811 4042 ἔσοι’
845 3997 920 4042 mea
947 3984 1137 4044 coniectura
1166 3985 1232 4064 est,
1260 3997 1324 4042 non
1349 3981 1515 4060 Maluerit,
1540 3981 1592 4042 cui
1611 3981 1671 4042 tri·

390 4084 462 4144 buit
483 4083 546 4158 Bl,
571 4082 793 4156 quodetiam.
818 4082 891 4157 Ipse
914 4082 1037 4158 profert
1060 4082 1271 4144 incredibilia.

347 4185 398 4245 l'r.
423 4185 476 4259 88,
502 4184 532 4246 2.
563 4181 685 4254 ἐξετάζει
708 4182 757 4244 Bl.
781 4187 840 4243 aui
866 4179 903 4240 dv
929 4205 971 4254 τις
995 4182 1092 4256 ἐξετάζ
1113 4229 1118 4242 .
1144 4217 1185 4226 -
1210 4183 1265 4244 Vs.
1293 4183 1343 4242 12.
1368 4178 1428 4260 μὴν
1451 4197 1509 4257 pro
1534 4179 1571 4258 δὴ
1590 4186 1670 4251 (0111.

391 4287 427 4342 A.
448 4286 480 4342 Β.
504 4283 603 4354 Stob.)
628 4285 662 4343 et
685 4283 752 4344 alia
773 4283 878 4358 idem,
904 4283 1089 4345 sollicitans
1113 4286 1215 4346 etiam
1239 4298 1289 4343 va.
1318 4285 1368 4344 13.

346 4386 397 4446 νε.
423 4386 465 4445 89
490 4400 537 4444 vs.
563 4385 592 4444 i.
616 4384 783 4460 Posidippi
806 4384 845 4444 ir.
870 4385 913 4443 40
937 4384 993 4444 oft.
1018 4385 1066 4446 Bl.
1090 4417 1129 4428 -
1147 4384 1203 4445 νε.
1231 4385 1281 4446 11.
1309 4379 1377 4444 καθ’
1403 4380 1456 4442 ἕνα
1481 4385 1570 4444 εοε1ε
1592 4383 1670 4444 liei·

390 4485 472 4545 nolte
497 4484 547 4554 (cf.
571 4483 609 4544 fr.
634 4486 686 4560 46,
714 4487 761 4560 2),
786 4481 914 4562 ἀτέχνως
938 4485 986 4545 Β1.

346 4585 397 4646 νε.
421 4586 474 4661 90,
499 4588 530 4645 4.
565 4581 653 4656 ἄλλος
686 4601 744 4661 pro
779 4583 875 4645 ἄλλον
906 4586 1022 4646 malim
1054 4600 1130 4646 oum
1160 4586 1363 4647 Richardsio.
1389 4618 1430 4629 -
1450 4585 1507 4647 Vs.
1540 4586 1570 4646 ὃ.
1596 4581 1669 4668 λένῃ

388 4686 436 4746 Bl.
461 4685 581 4746 -νε,
607 4687 637 4746 8.
662 4686 819 4762 Proposui
843 4683 912 4770 λέγῃ
936 4701 994 4761 pro
1014 4696 1126 4770 σκοιιῇ,
1145 4687 1193 4747 Bl.
1214 4695 1314 4770 φρονῇ
1334 4688 1440 4762 (quasi
1462 4700 1538 4747 vero
1562 4687 1670 4762 possit

389 4787 507 4862 aliquis
537 4791 661 4865 φρονεῖν
691 4784 773 4858 ἐκτὸς
803 4783 945 4856 reatori)
977 4787 1169 4870 κλι1φάσκρ.
1195 4822 1234 4831 -
1261 4787 1316 4872 VS.
1342 4789 1372 4848 9.
1404 4786 1666 4860 nosocomium,

387 4890 540 4965 quamvis
562 4887 703 4962 probans
727 4888 842 4950 Koclrii
866 4891 926 4958 τοῖς
951 4877 1045 4948 οὖσιν.
1069 4887 1131 4949 ort.
1157 4888 1323 4964 aristoph.
1347 4888 1545 4950 rr.111049
1569 4887 1609 4948 11.
1624 4919 1667 4930 -

387 4991 444 5051 νε.
468 4990 517 5050 10.
542 4986 595 5048 τάν
618 4985 699 5069 corp
723 4992 848 5049 temere
871 4988 1024 5063 Blaydes.
