3778 5796
985 502 1006 560 4

333 694 384 754 Fr.
410 693 463 754 67.
498 693 535 752 ln
566 691 743 752 liunidis
773 691 889 765 agonis
919 691 1028 750 locnm
1060 690 1243 751 obtinuisse
1277 691 1445 749 certamen
1475 687 1654 758 musicum,

377 796 410 854 in
440 808 504 869 quo
533 793 661 869 priseae
686 793 769 853 artis
791 792 1018 868 Terpandreae
1048 791 1177 852 assecla
1204 805 1323 865 graves
1346 789 1487 850 lundens
1509 789 1658 862 dactylos

377 896 630 970 congrederetur
664 910 741 956 cum
772 894 970 955 Atheniensi
1008 893 1149 968 quodam
1181 893 1279 967 poeta
1308 891 1438 952 novicio
1476 893 1590 952 monet
1620 890 1655 952 Ο.

377 997 526 1072 Orusins,
551 997 605 1072 qui
628 997 669 1057 ad
692 996 732 1057 ir.
754 996 796 1057 70
821 1011 895 1057 cum
920 996 1059 1070 Bergkio
1083 995 1159 1056 huic
1181 994 1312 1055 fabulae
1324 993 1440 1054 tribuit
1459 993 1499 1054 fr.
1519 995 1598 1063 310.
1619 1009 1657 1054 eo

378 1101 526 1162 convicio
556 1100 648 1173 tangi
679 1099 878 1159 existimans
906 1100 1054 1159 veterem
1078 1099 1275 1159 Boeotorum
1299 1096 1477 1170 musicam,
1500 1111 1564 1170 quo
1588 1111 1656 1171 pro·

376 1201 528 1262 veroium
551 1199 696 1258 Βονωνίαν
720 1191 759 1258 ὗν
782 1199 950 1260 rettulerit
973 1200 1134 1260 Pindarus
1154 1199 1189 1260 O.
1210 1198 1254 1259 Vi
1279 1199 1321 1258 90
1348 1213 1396 1272 sq.
1421 1197 1498 1272 Ipsa
1517 1196 1658 1258 Corinna

376 1303 492 1364 eodem
521 1301 716 1376 cognomine
746 1298 933 1375 significata
961 1300 1138 1375 ferebatur,
1178 1315 1262 1375 quae
1293 1313 1410 1360 nomos
1442 1299 1659 1360 citharodicos

377 1405 418 1465 ad
441 1404 565 1464 veteris
588 1403 670 1463 artie
693 1418 845 1464 normam
869 1404 1040 1464 condebat.

333 1506 384 1568 Fr.
411 1507 462 1566 72.
498 1500 517 1582 ἡ
551 1502 628 1584 γυνὴ
663 1520 720 1579 pro
754 1501 794 1581 ἣν
828 1504 901 1586 τύχῃ
935 1507 1062 1566 temere
1082 1505 1146 1581 Bl.,
1184 1520 1244 1566 nec
1282 1505 1460 1579 quidquam
1491 1503 1660 1564 lucramur

378 1607 525 1668 eiusdem
560 1606 643 1667 coni.
675 1607 714 1667 ir.
747 1607 832 1682 74,1
865 1604 928 1684 ἥκω
960 1602 992 1666 δὲ
1023 1606 1112 1685 δεῦρο
1144 1609 1235 1666 Πᾶνα
1265 1605 1419 1682 μαστεύων
1449 1604 1524 1664 τινά.
1553 1605 1658 1666 Locus

378 1708 581 1782 desperatus.

335 1808 385 1869 l'r.
411 1799 481 1869 76⁸².
506 1808 674 1869 Scholium
698 1806 839 1869 oribasii
862 1809 910 1868 III
933 1825 964 1884 p.
989 1809 1055 1869 680
1078 1807 1134 1868 οὐκ
1157 1807 1217 1867 ἔστι
1240 1811 1341 1882 μῦθος
1360 1805 1497 1885 έκφορος
1518 1804 1658 1866 ἐντεῦθεν

379 1906 426 1980 ὡς
450 1906 640 1988 ἄφρονες,
664 1905 704 1978 ὡς
728 1909 915 1984 κρατύνει
939 1909 1098 1988 θύραζε.
1120 1910 1205 1970 Hinc
1224 1909 1337 1971 Nauck
1350 1909 1589 1985 liei.11p.528
1609 1924 1657 1983 sq.

379 2011 427 2072 ΙΙΙ
450 2028 480 2087 p.
506 2011 581 2072 301.
606 2010 650 2070 VI
674 2012 715 2070 63
739 2011 870 2085 egregie
893 2013 980 2072 eruit
1001 2027 1137 2072 versum

491 2109 548 2172 οὐκ
571 2109 630 2170 έστι
654 2115 783 2187 μῦθος
811 2108 950 2190 έκφορος·
978 2110 1216 2172 τούντεῦθεν
1239 2104 1313 2172 rce’
1340 2107 1509 2188 ἄφωνος,

380 2208 420 2284 ὡς
444 2215 640 2286 Κρατῖνος
666 2211 865 2295 Θρᾴτταις.

295 2323 297 2328 ’
379 2313 426 2374 ci.
451 2314 535 2376 Piae.
560 2315 658 2376 Lech.
684 2315 759 2375 201.
783 2311 885 2385 οὐδεὶς
908 2307 985 2385 (οὐδ’
1013 2311 1105 2384 loeti)
1129 2311 1186 2394 γὰρ
1205 2311 1333 2393 ἔκφορος
1351 2313 1447 2395 λόγος.
1472 2315 1546 2376 Eur.
1565 2316 1660 2390 Hipp.

382 2417 446 2478 295
471 2415 496 2476 εἰ
520 2411 546 2475 d'
570 2413 698 2493 έκφορός
718 2433 765 2475 σοι
785 2414 928 2493 συμφορὰ
948 2413 1023 2494 πρὸς
1043 2413 1179 2492 ἄρσενας.
1198 2417 1300 2478 Arist.
1319 2417 1453 2477 Thetim.
1467 2416 1531 2477 472
1549 2413 1663 2494 ἐκφορὰ

380 2517 480 2596 λόγον.
505 2517 593 2594 Quae
616 2517 800 2580 locutiones
825 2518 999 2579 cohaerere
1023 2519 1176 2580 videntur
1204 2533 1279 2578 cum
1304 2533 1366 2579 usn
1392 2519 1549 2579 hieratico
1573 2533 1665 2578 voca·

382 2619 534 2681 bulorum
558 2616 672 2698 ἐκφορὰ
697 2617 894 2695 ολαννοφορά.
918 2621 990 2681 Vid.
1011 2636 1094 2696 qnae
1122 2621 1155 2681 in
1179 2620 1287 2682 lexico
1311 2635 1386 2681 meo
1409 2619 1514 2695 suppl.
1539 2622 1573 2680 et
1588 2617 1663 2680 dial.

383 2720 480 2782 attuli
505 2736 532 2781 s.
559 2736 588 2780 v.
613 2717 764 2798 νἰαοφορά.
789 2755 831 2763 -
855 2721 902 2782 De
925 2737 1005 2783 voce
1033 2726 1133 2797 μῦθος
1163 2739 1222 2798 pro
1245 2723 1429 2800 vulgatiore
1459 2721 1546 2800 λόγος
1570 2737 1589 2782 a
1613 2736 1661 2782 co-

383 2823 479 2883 micis
501 2822 647 2882 adhibito
670 2824 802 2898 praeter
824 2822 1080 2898 Aristophanem
1104 2825 1169 2885 vid.
1193 2823 1319 2886 Jacohii
1341 2823 1455 2884 Index.

340 2972 391 3032 Fr.
418 2972 470 3033 78.
495 2971 578 3034 (lum
602 2973 746 3034 Nanckio
769 2973 945 3048 legendum
969 2970 1157 3052 ἀπέφρηκαν.

338 3073 390 3133 Fr.
414 3073 467 3134 80.
494 3073 651 3151 ,δίλογχον
674 3074 758 3134 nihil
781 3075 870 3136 alind
894 3073 1060 3150 significat
1082 3091 1183 3151 quem
1208 3077 1304 3137 deam
1325 3077 1408 3137 duas
1426 3077 1542 3141 hastas
1561 3078 1661 3138 feren·

381 3176 485 3236 tem”.
509 3174 544 3236 Ο.
569 3174 726 3252 Ribbeck,
752 3178 860 3237 citans
882 3177 1039 3238 Roseheri
1062 3179 1192 3240 lexicon
1216 3178 1355 3253 mythol.
1381 3179 1456 3240 782.

340 3277 391 3338 Fr.
416 3278 468 3339 83.
500 3276 605 3337 πέλικα
634 3293 692 3353 pro
724 3275 848 3338 ονὲλικαν
879 3281 951 3340 sive
982 3281 1086 3340 πελίκα
1117 3281 1236 3356 ubique
1260 3297 1341 3343 corr.
1366 3281 1414 3341 Bl.
1445 3280 1527 3355 Quia
1549 3283 1662 3341 tamen

383 3377 506 3439 ονέλικαν
540 3381 672 3441 Boeotis
707 3381 858 3458 photine,
894 3382 1114 3462 Aeolensibus
1146 3384 1227 3444 Poll.
1263 3383 1294 3444 X
1322 3385 1363 3444 73
1399 3383 1563 3458 tribuunt,
1593 3381 1665 3444 fieri

383 3484 492 3556 potest
511 3485 548 3542 ut
566 3480 671 3541 πέλανοι
690 3483 735 3543 sit
750 3484 979 3544 nominativus
998 3485 1156 3561 aeolicus,
1181 3500 1247 3546 non
1269 3483 1367 3558 πέλιξ,
1388 3487 1427 3545 nt
1442 3481 1566 3561 Ἔλονα,
1588 3484 1663 3545 alia.

382 3582 534 3644 Poenitet
556 3599 610 3644 me
634 3583 667 3644 in
691 3584 798 3645 lexico
821 3600 896 3646 meo
921 3585 1026 3662 suppl.
1051 3588 1085 3647 et
1107 3586 1183 3647 dial.
1207 3587 1358 3663 posuisse
1381 3601 1470 3647 nom.
1494 3584 1584 3658 πέλιξ.

340 3746 390 3807 Fr.
416 3747 469 3808 84.
494 3746 671 3809 Clearchus
694 3763 745 3824 ap.
769 3748 889 3809 Athen.
914 3748 975 3808 XV
999 3751 1101 3811 697F
1121 3747 1275 3828 προσέχων
1294 3747 1385 3811 οὐδὲν
1404 3760 1444 3834 τῷ
1464 3752 1664 3828 προκαθη-

385 3849 485 3934 μένῳ
516 3846 567 3908 nol
598 3849 770 3909 διδάσκοντι
799 3846 851 3908 τὸν
875 3850 975 3929 χορόν.
998 3851 1048 3912 Bl.
1073 3853 1212 3927 requirit
1234 3848 1523 3931 προισταμένῳ,
1544 3851 1602 3912 sed
1626 3865 1664 3912 eo

383 3965 483 4011 sensu
508 3955 662 4026 expectes
684 3949 956 4028 προεστηκότι.
1097 4021 1101 4030 ,

339 4051 390 4111 Fr.
415 4052 468 4112 85.
493 4046 631 4126 Ἀκέστορ’
657 4048 730 4128 ἀτὰρ
754 4066 811 4127 pro
839 4047 989 4129 Ἀκέστορα
1011 4051 1068 4132 γὰρ
1092 4053 1268 4130 Headlam,
1293 4051 1348 4132 γὰρ
1368 4054 1429 4115 del.
1443 4054 1491 4115 Bi.
1512 4053 1559 4114 De
1578 4055 1663 4130 post·

383 4153 490 4227 posito
513 4149 586 4229 αἰνὰρ
610 4153 754 4213 multum
779 4152 903 4213 dubito.

339 4253 391 4313 Fr.
423 4253 475 4314 86.
511 4252 577 4314 cnr
617 4254 738 4315 melius
772 4256 818 4315 sit
851 4251 987 4314 ἀπέδωκε
1021 4254 1107 4330 (BL),
1144 4257 1346 4332 reddidit,
1389 4271 1488 4332 quam
1524 4253 1666 4338 ἐνέδωκε,

384 4355 497 4416 ultro
528 4356 662 4432 dedit,
694 4357 728 4416 in
756 4360 825 4416 tam
850 4357 940 4417 brevi
964 4356 1151 4430 fragmento
1174 4358 1325 4433 equidem
1350 4373 1475 4434 nequeo
1498 4359 1666 4434 dispicere.

383 4457 518 4532 Eodem,
543 4459 564 4519 i.
589 4472 616 4518 e.
642 4457 746 4533 nullo,
771 4457 840 4518 inre
865 4458 1045 4518 conieceris
1067 4455 1234 4536 capidona,
1256 4461 1449 4521 tradidit.

338 4559 390 4619 Fr.
414 4559 467 4620 96.
499 4559 620 4620 Forma
649 4558 758 4635 νήθειν
789 4559 881 4634 apud
906 4560 1108 4634 antiquiores
1135 4561 1217 4620 milri
1246 4563 1401 4636 suspecta
1424 4563 1476 4621 est
1502 4575 1560 4634 pro
1582 4567 1666 4642 νῆν,

383 4661 468 4734 qnod
492 4661 594 4722 etiam
618 4660 746 4721 Platoni
765 4660 892 4720 Politic.
907 4660 1011 4721 2890
1037 4662 1181 4737 νήθειν
1205 4682 1234 4722 νε
1257 4659 1307 4721 καὶ
1330 4661 1441 4734 ξαίνειν
1464 4661 1664 4722 reddendum

384 4762 523 4824 videtur.
555 4762 660 4837 Quare
691 4758 794 4838 ἠθιῖν,
817 4763 856 4822 de
887 4778 950 4837 quo
978 4763 1069 4823 Koolr
1094 4764 1264 4838 cogitavit,
1296 4762 1466 4824 cratinum
1494 4763 1665 4836 scripsisse

383 4864 592 4939 crediderim,
617 4878 722 4938 neque
745 4867 795 4925 est
820 4879 879 4924 cur
902 4878 978 4923 oum
1001 4863 1050 4924 Bl.
1075 4866 1234 4925 malimus
1257 4862 1336 4942 ἠθεῖ.

338 4965 389 5026 Fr.
417 4967 513 5041 97,1.
540 4960 706 5041 Γνήσιονν’;
729 4962 800 5042 ἐρῶ
823 4969 919 5048 πολλῇ
943 4969 1069 5049 σχολῇ.
1093 4967 1291 5028 Rutheriord
1315 4969 1348 5027 et
1370 4965 1522 5040 Blaydes.

338 5067 389 5128 Fr.
415 5068 468 5143 98,
485 5069 514 5128 l.
546 5067 611 5127 Vix
641 5071 730 5128 recte
761 5064 920 5146 ἐρέπτομαι
934 5065 1148 5148 τέρέφομοιι,
1170 5071 1191 5130 i.
1216 5084 1245 5131 e.
1277 5066 1436 5145 στέφομοιι,
1460 5075 1666 5145 στεφανοῦμνι
