3718 5788
933 475 995 534 166

304 659 355 719 Fr.
379 661 454 720 491.
491 660 591 722 Recte
620 660 762 722 tortasse
792 660 841 721 Bt.
873 657 924 736 ἐμέ
953 676 1012 736 pro
1036 659 1133 737 τινάς,
1155 659 1240 734 quod
1264 662 1316 719 est
1339 658 1473 719 Porsoni
1498 656 1629 732 supple·

349 763 510 822 mentum.

305 861 355 922 Nr.
381 863 456 924 494.
487 863 550 923 Pro
580 878 661 924 sano
692 863 787 942 μήτηρ
818 863 866 923 Bl.
900 863 1060 925 violenter
1086 856 1225 922 δάνιον-ι’
1256 861 1419 938 proponit,
1446 861 1584 922 verbum
1608 875 1630 918 a

348 963 517 1024 comoedia
546 964 702 1025 alienum.

395 1065 559 1124 ΦΑΣΜΑ.
591 1065 628 1125 In
658 1065 783 1126 scholio
813 1066 855 1126 ad
886 1066 1034 1140 Eunycbi
1064 1067 1209 1128 'terentii
1233 1064 1354 1141 prolog.
1383 1078 1432 1125 vs.
1457 1065 1488 1122 9.
1513 1061 1628 1122 Nauck

349 1165 483 1241 corrigit
511 1167 659 1226 mariti
691 1181 748 1242 pro
781 1168 944 1228 matris.
977 1200 1018 1211 -
1048 1167 1155 1228 Huius
1184 1167 1315 1228 fabulae
1344 1165 1407 1226 duo
1441 1165 1631 1239 fragmenta

348 1266 476 1328 maiora
494 1283 512 1328 e
531 1268 641 1328 codice
659 1282 745 1328 saec.
767 1268 811 1328 IV
830 1284 860 1344 p.
882 1267 915 1330 O.
936 1283 979 1328 ex
998 1270 1199 1330 monasterio
1219 1269 1285 1329 Set.
1317 1267 1513 1330 catharinae
1540 1279 1628 1326 com·

348 1369 519 1429 municata
551 1383 664 1430 secum
697 1385 716 1430 a
746 1368 991 1431 Tischendoriio
1023 1370 1125 1431 edidit
1156 1369 1256 1430 Cobet
1285 1370 1443 1430 Mnemos.
1478 1381 1554 1428 nov.
1582 1364 1628 1425 IV

348 1485 378 1544 p.
404 1470 467 1530 286
491 1486 539 1544 sq.
564 1470 588 1530 Ε
611 1469 809 1531 bibliotheca
833 1470 963 1546 publica
986 1470 1272 1551 Petersburgensi,
1296 1472 1449 1545 inquam
1469 1467 1629 1530 triatolia

348 1585 547 1646 pergamena
558 1571 760 1633 devenerant
780 1587 808 1633 a.
825 1573 920 1648 1850,
940 1574 1061 1634 iterum
1073 1575 1236 1648 protraxit
1247 1573 1426 1634 Jernstedt.
1439 1572 1485 1633 Of.
1498 1570 1627 1644 Nauck,

349 1673 513 1749 Melanges
538 1673 581 1733 Vl
604 1689 634 1748 p.
663 1677 723 1735 154
747 1691 795 1748 sq.
821 1677 855 1736 et
878 1674 983 1750 Kock,
1009 1675 1090 1737 Nus.
1114 1675 1218 1736 Rhen.
1242 1677 1294 1751 93,
1318 1691 1349 1750 p.
1374 1675 1437 1734 221
1462 1689 1531 1748 sqq.

303 1773 353 1834 Nr.
378 1775 453 1848 503,
482 1776 509 1834 1.
534 1771 594 1852 ἤδρ
619 1775 676 1834 vix
699 1789 820 1836 sanum
845 1775 948 1836 videri
972 1776 1050 1836 olim
1079 1777 1200 1838 monui.
1219 1765 1316 1835 Ἦσαν
1340 1790 1405 1836 non
1430 1774 1517 1835 male
1540 1773 1589 1833 Bl.

303 1874 354 1936 Fr.
379 1875 454 1952 461,
482 1878 511 1937 1.
545 1874 692 1936 λοπάδιον
722 1891 836 1937 meum
868 1876 985 1952 probat
1015 1876 1131 1938 Nuber.
1163 1877 1209 1938 De
1240 1876 1418 1938 muliere
1449 1875 1500 1945 (cl.
1525 1874 1629 1943 Kock)

347 1991 534 2038 sermonem
559 1992 623 2038 non
646 1993 720 2038 esse
744 1981 881 2054 apparet
904 1994 946 2039 ex
972 1978 1081 2040 verbis
1106 1978 1191 2056 δμον
1217 2013 1256 2024 -
1282 1976 1396 2055 ἄνδρες.

304 2077 354 2138 Fr.
379 2078 454 2154 462,
476 2080 505 2140 3.
526 2079 574 2140 Bt.
596 2079 628 2140 in
648 2079 730 2141 dura
748 2081 920 2156 anapaesti
939 2081 1098 2143 incisione
1118 2081 1257 2143 haerens
1277 2082 1381 2142 eiecto
1393 2078 1480 2139 ιανιί
1489 2079 1632 2140 coniecit

348 2179 489 2258 ξενύδρια
519 2176 642 2256 <μὲν>,
672 2183 729 2242 vix
760 2185 862 2258 recte,
895 2183 972 2256 quia
1003 2177 1057 2258 μὲν
1081 2182 1153 2244 loeo
1176 2178 1416 2258 suofsequitur
1439 2196 1488 2240 vs.
1513 2183 1542 2254 ὅ,
1568 2194 1630 2238 nec

347 2280 445 2340 huius
455 2279 518 2341 loci
530 2283 582 2341 est
592 2283 734 2356 repetita
745 2282 918 2358 particula.
939 2282 973 2343 Sl
986 2282 1062 2357 quid
1074 2283 1287 2360 mutandum,
1301 2283 1488 2358 scripserim
1503 2280 1629 2356 potius:

661 2374 727 2442 οἷον
750 2381 785 2442 τὰ
809 2380 971 2461 νησιωτικὰ
995 2385 1136 2464 ξενύδρια
1163 2382 1257 2448 (τὰ)

661 2481 694 2544 ἕν
717 2485 903 2564 προσφάτοις
927 2485 1078 2565 ἰχθυδίοις
1101 2483 1293 2566 τεθραμμένα
1315 2483 1372 2546 ιιιὲ.

348 2586 410 2646 Sed
447 2587 548 2661 ,nibil
577 2589 702 2648 temere
733 2587 994 2664 innovandum’,
1026 2591 1063 2649 ut
1092 2591 1167 2648 utar
1198 2587 1297 2664 Angli
1320 2586 1441 2663 verbis,
1474 2587 1508 2647 in
1535 2586 1631 2645 cuius

349 2687 431 2748 nihil
462 2704 527 2750 non
558 2696 683 2750 temere
711 2689 901 2750 innovantis
931 2705 988 2750 ore
1018 2692 1101 2751 satis
1131 2689 1267 2750 ridicule
1295 2691 1425 2750 sonant.
1451 2721 1491 2732 —
1516 2687 1572 2746 Vs.
1597 2685 1629 2745 8.

350 2783 508 2866 προσήκοντ’
544 2790 705 2851 Headlam
736 2790 823 2866 apud
846 2791 905 2865 Bt,
931 2791 987 2865 qui
1010 2792 1081 2866 ipse
1103 2784 1288 2872 προσεδέξατ’
1315 2786 1485 2869 Ἀρκαδικὸς
1509 2793 1543 2850 et
1564 2787 1632 2847 alia

351 2891 513 2964 quaedam
546 2895 586 2966 (p.
613 2892 688 2963 216)
713 2893 878 2967 proponit;
911 2891 1081 2968 Ἀρκαδικός
1107 2915 1151 2965 τις
1174 2891 1284 2971 ἴρχεται
1307 2889 1491 2964 άθάλοττοςς
1515 2887 1546 2949 ἐν
1569 2893 1630 2959 τοῖς

348 2994 372 3048 i.
397 2987 424 3048 ἁ.
455 2991 535 3051 Ellis
566 2994 650 3068 apud
684 2993 834 3054 eundem.
861 3028 899 3035 -
926 2995 981 3054 Vs.
1015 2997 1045 3056 9.
1082 2996 1181 3057 Recte
1212 2995 1360 3057 Meineke
1391 2991 1433 3053 ὢν
1456 3008 1514 3069 pro
1538 2989 1571 3052 iv
1594 2994 1629 3052 et

349 3091 479 3168 Madvig
499 3093 650 3167 δεπαδίαις
674 3096 870 3157 emendasse
894 3097 1060 3171 videntum
1086 3080 1212 3172 reliqua
1234 3112 1317 3158 sana
1340 3111 1415 3157 esse
1437 3095 1587 3155 arbitror.

306 3193 356 3254 Nr.
381 3196 455 3255 463.
488 3195 676 3272 verissime¹
707 3195 808 3258 Oobet
838 3213 880 3258 ex
911 3196 950 3258 ir.
975 3198 1051 3274 568,
1084 3195 1177 3276 quod}
1206 3199 1259 3259 hic
1290 3197 1484 3279 ponendum⁴
1506 3195 1627 3269 fuerat,

350 3293 459 3367 καλοὺς
478 3292 556 3373 ἡμᾶς
576 3313 633 3373 pro
653 3296 793 3360 absurdo
805 3296 1045 3375 φιλανθρώπους
1057 3299 1240 3360 substituit.
1254 3299 1381 3359 Monuit
1392 3299 1494 3360 etiam
1507 3296 1627 3358 Nauck.

307 3398 357 3457 Fr.
383 3400 457 3474 466,
484 3401 514 3459 5.
546 3401 684 3461 Frustra
714 3399 805 3460 Kock
835 3397 956 3475 λαμπρά
986 3415 1043 3474 pro
1069 3399 1176 3476 λάμπει
1198 3401 1231 3460 et
1254 3399 1302 3460 Bl.
1323 3399 1435 3479 μεγάλη
1458 3414 1516 3474 pro
1540 3397 1630 3474 αὕτη,

350 3500 434 3572 quod
464 3516 642 3574 pronomen
666 3515 765 3577 saepe
793 3515 868 3560 cum
892 3503 1083 3576 contemptu
1108 3502 1249 3576 ponitur,
1280 3504 1318 3561 ut
1339 3501 1442 3562 latine
1465 3502 1563 3577 iste,
1588 3513 1629 3559 ne

350 3601 425 3674 quid
450 3601 556 3662 dicam
581 3601 619 3663 de
644 3603 839 3663 mutationis
864 3601 1032 3662 violentia.

306 3700 357 3761 Nr.
382 3703 458 3762 470.
483 3701 531 3762 Bl.
562 3705 782 3777 requirentem
814 3699 888 3761 κατὰ
911 3702 1005 3781 χειρὸς
1029 3719 1087 3779 pro
1111 3727 1135 3763 ιι.
1159 3713 1264 3783 χειρῶν
1287 3705 1450 3765 deterrere
1474 3703 1628 3764 debuerat

352 3818 428 3863 vera
462 3804 576 3866 Kockii
607 3806 796 3866 observatio
831 3808 987 3879 ,uterque
1020 3821 1181 3867 numerus
1212 3807 1371 3881 usitatus,
1396 3805 1574 3880 singularis
1597 3806 1628 3864 in

349 3905 532 3979 antiquiore
552 3907 720 3967 comoedia
743 3907 977 3979 frequentior.”
1004 3908 1136 3969 Scilicet
1159 3908 1324 3982 antiquior
1348 3923 1427 3968 usus
1452 3907 1505 3968 hic
1528 3907 1628 3968 luisse

350 4006 488 4084 videtur,
520 4011 557 4068 ut
587 4009 649 4069 soli
680 4009 830 4083 dextrae,
863 4025 928 4083 qua
951 4010 1044 4069 cibus
1068 4014 1248 4085 caperetur,
1274 4024 1394 4083 aquam
1418 4024 1501 4084 puer
1523 4009 1626 4069 iniun-

350 4105 455 4183 deret,
481 4109 653 4184 recentior,
678 4111 715 4168 ut
739 4108 910 4170 ambabus

307 4207 357 4266 Fr.
383 4209 458 4283 473,
487 4211 514 4270 1.
539 4210 587 4270 Bi.
610 4208 667 4289 γὰρ
690 4208 870 4286 θάλλουσιν,
893 4211 950 4271 sed
974 4211 1022 4272 ita
1046 4216 1142 4283 καλῶς
1166 4212 1324 4288 abundat,
1358 4227 1458 4287 quare
1482 4213 1626 4288 praefero

352 4324 463 4370 meum
490 4309 546 4388 γὰρ
569 4312 757 4389 πράττουσιν.
788 4313 953 4388 Respondi
977 4314 1100 4375 Kocklo
1126 4313 1296 4392 προστάτην
1319 4315 1372 4374 hic
1395 4317 1509 4390 aperte
1533 4314 1626 4375 arti·

352 4412 475 4472 ficem
496 4413 680 4488 significare
699 4417 733 4475 et
751 4413 937 4494 φιλάργυρον
955 4432 1030 4476 eum
1044 4416 1096 4476 cui
1109 4431 1172 4476 non
1185 4417 1258 4490 ipsa
1278 4431 1363 4490 are,
1386 4417 1444 4477 sed
1463 4416 1626 4477 lucrum

352 4514 438 4573 cordi
462 4515 516 4575 sit.
541 4516 627 4577 Nihil
652 4517 751 4592 igitur
774 4515 866 4578 locus
890 4519 938 4577 ita
962 4520 1130 4578 correctus
1154 4517 1254 4578 habet
1277 4517 1416 4578 obscuri.

308 4615 358 4677 Nr.
383 4615 458 4693 482,
484 4620 514 4678 5.
534 4618 583 4678 Bl.
603 4614 622 4695 ἡ
641 4617 769 4699 πρόνοια
793 4612 819 4676 δ’
846 4614 865 4695 ἡ
889 4624 1012 4695 θνριον
1033 4621 1172 4680 coniecit
1195 4634 1253 4694 pro
1273 4619 1381 4696 θνητή.
1402 4619 1487 4680 Illud
1507 4620 1626 4695 perspi·

353 4719 459 4780 cuites
482 4719 676 4798 postularet,
702 4721 730 4780 si
755 4724 906 4795 ageretur
930 4721 969 4782 de
994 4722 1267 4796 providentia
1294 4723 1442 4783 diviua
1466 4723 1553 4783 circe
1576 4737 1628 4783 res

352 4819 529 4898 humanas,
551 4823 608 4883 sed
628 4822 848 4898 intellegenda
867 4826 918 4884 est
930 4824 1003 4899 ipsa
1015 4825 1186 4884 hominum
1199 4824 1417 4900 providentia,
1432 4839 1515 4898 quae
1527 4839 1628 4898 aeque

353 4923 441 4983 recte
466 4921 643 4984 humana
665 4936 765 4996 quam
790 4923 1003 4985 hominum
1028 4923 1091 4984 dici
1115 4927 1234 4999 potest.
1259 4957 1301 4966 —
1325 4926 1380 4986 Vs.
1408 4927 1458 4985 10.
1487 4924 1550 4986 Pro
1574 4923 1628 5002 τὴν

352 5023 458 5085 multo
482 5023 602 5084 melius
624 5023 844 5085 Wachsmuth
867 5023 917 5085 uui
940 5038 1039 5099 quum
1063 5023 1111 5086 Bi.
1138 5022 1185 5101 δὴ.
1282 5030 1283 5034 ’
