3748 5792
862 473 923 532 103

492 666 622 738 τολύπας
646 663 767 726 ἔσαττον
790 662 842 737 τὰς
864 665 1003 744 γνάθους
1026 665 1076 728 aui
1099 679 1158 730 τῶν
1181 679 1276 749 κρεῶν

490 765 665 847 ἀπέβρυκον
687 766 831 846 αἰσχρῶς,
849 765 905 828 ἀλλ’
935 769 1061 831 ἑκάστου
1085 771 1193 850 μικρὸν
1216 770 1255 833 ἂν

491 862 646 948 ἀπεγεύεθ’
673 867 772 946 ὥσπερ
796 867 950 944 παρθένος
975 874 1017 930 Μ
1021 872 1167 949 riquier.

267 973 387 1034 Scribit
412 974 447 1034 Ο.
472 972 607 1033 Crusius
632 971 838 1046 ,coenantes
860 973 1022 1034 nimirum
1045 975 1174 1050 puellas
1198 991 1273 1037 cum
1293 978 1448 1039 uentibus
1468 994 1551 1040 com·

267 1091 388 1150 parans
411 1076 554 1136 rusticus
578 1073 658 1134 dicit
680 1073 840 1133 urbanam
862 1073 1026 1136 delibasse
1044 1078 1176 1138 tantum
1196 1079 1229 1137 et
1249 1079 1412 1154 carpsisse
1430 1079 1553 1142 fercula

268 1178 367 1254 ὥοπερ
390 1174 543 1254 παρθένος
566 1172 742 1251 Μιλήσια
766 1175 836 1246 (sio)
856 1176 928 1236 scil.
951 1176 1091 1253 νήθουσιν
1114 1175 1187 1255 ἔρια.
1215 1178 1262 1240 Of.
1284 1179 1365 1240 Poll.
1385 1180 1433 1241 IX
1456 1182 1551 1242 125.”

267 1278 554 1354 Comparationem
586 1277 719 1351 quidem
750 1277 875 1352 optime
904 1278 1087 1356 intellexit,
1119 1281 1177 1340 sed
1208 1281 1256 1340 ita
1286 1281 1479 1357 imperfecta
1501 1285 1554 1344 est

266 1381 448 1456 sententia,
473 1383 507 1441 et
530 1381 563 1439 in
586 1379 738 1454 sequenti
761 1395 811 1440 vs.
836 1379 939 1440 luisse
962 1381 1146 1456 putandum
1166 1375 1235 1441 eud
1257 1379 1335 1459 ἔρια,
1354 1387 1412 1443 aut
1432 1383 1552 1458 aliquid

267 1481 388 1542 simile.
413 1513 452 1523 —
479 1480 535 1542 Vs.
569 1481 588 1540 2
620 1496 695 1542 cum
727 1480 776 1541 Bl.
808 1481 926 1542 malim
958 1480 1044 1541 iliter
1068 1483 1128 1554 (sic
1150 1499 1279 1558 quoque
1303 1484 1486 1570 vLeeuwen
1512 1487 1551 1546 nd

267 1585 325 1644 Ar.
344 1583 401 1658 liq
421 1583 512 1658 784),
532 1581 591 1643 sed
611 1582 718 1644 eidem
738 1583 899 1644 adversus
922 1583 1084 1646 Kockium
1105 1585 1290 1646 defendenti
1312 1588 1441 1648 veteres
1460 1601 1552 1648 meas

268 1685 475 1746 coniecturas
493 1680 661 1762 ποιουμένη
683 1717 722 1728 -
744 1681 863 1744 &carrae
882 1715 926 1726 —
946 1681 1112 1764 ἀπὲβεονεν
1132 1686 1229 1748 hodie
1253 1703 1317 1748 non
1337 1688 1551 1764 suffragator.

220 1787 276 1847 Fr.
294 1787 336 1845 43
350 1786 527 1847 manifesta
539 1787 593 1846 est
605 1785 870 1863 paratragoedia,
884 1788 922 1847 ut
933 1787 1237 1849 Ecclesiazusnrum
1252 1788 1395 1849 initium.
1408 1788 1457 1849 Ad
1470 1805 1520 1849 vs.
1535 1791 1553 1850 2

269 1889 318 1948 Bl.
342 1888 397 1948 cit.
423 1887 639 1963 Sannyrionis
661 1888 701 1951 fr.
723 1889 743 1948 4
767 1885 931 1966 κερομικὴν
950 1893 1051 1969 patav,
1070 1890 1156 1950 unde
1175 1889 1208 1950 in
1228 1889 1310 1950 Add.
1331 1906 1360 1964 p.
1376 1891 1440 1949 334
1461 1890 1552 1950 nulla

268 1991 466 2051 necessitate
490 1990 543 2050 bic
566 1989 703 2064 requirit
727 1981 750 2048 ὦ
773 1987 919 2068 repausari
943 1998 995 2069 γῆ,
1022 1992 1109 2065 quod
1133 1991 1398 2052 adiectivum
1422 2006 1486 2052 non
1506 1993 1552 2052 sit

268 2090 398 2169 κερομίς.
420 2092 465 2152 At
487 2094 644 2168 perpetuo
670 2091 800 2152 variant
823 2091 988 2153 adiectiva
1011 2093 1044 2152 in
1064 2090 1092 2163 tq
1112 2094 1146 2154 et
1166 2093 1231 2169 ική,
1251 2093 1289 2152 ut
1308 2090 1405 2163 Ἀοθίς
1426 2125 1466 2137 -
1487 2091 1552 2168 πή,

270 2192 411 2265 Aemate
444 2226 484 2237 -
515 2193 565 2269 ική
597 2193 659 2254 etc.
692 2194 765 2267 etc,
799 2208 859 2254 nec
882 2192 1162 2254 substantiva
1184 2195 1264 2254 sunt
1286 2192 1357 2268 illa,
1382 2193 1440 2253 sed
1464 2192 1549 2254 sub·

270 2297 465 2358 stantiae
488 2298 664 2371 ponuntur.

226 2401 277 2460 tir.
301 2400 343 2459 44
367 2397 515 2458 eiusdem
540 2399 592 2458 est
614 2396 927 2472 magniloquentiae.
949 2397 1127 2458 Multorum
1148 2396 1346 2458 coniecturis
1365 2411 1446 2457 usus
1464 2399 1553 2458 recte

271 2501 361 2562 Koclr
384 2499 516 2579 γλαύκου
540 2499 688 2575 corrigit,
710 2497 832 2559 reiecto
851 2502 927 2559 θεοῦ
947 2501 1023 2574 post
1042 2494 1248 2577 εὐγενέστερον
1268 2500 1302 2559 et
1319 2498 1440 2574 scripto
1460 2513 1509 2558 vs.
1531 2499 1550 2558 3

271 2599 370 2678 ἑφθὸν
403 2594 514 2664 <rdvd’
547 2596 609 2661 ἐν)
644 2595 755 2682 utpote
790 2596 945 2680 ςφέρα),
978 2601 1033 2662 ubi
1064 2600 1112 2661 Bl.
1150 2599 1331 2678 (λιπαρὸν)
1368 2598 1446 2684 ἅλμῃ
1477 2615 1551 2660 (σοι

270 2700 399 2782 φέρε»,
428 2702 484 2777 qui
515 2715 563 2762 vs.
595 2709 721 2762 certam
751 2702 1019 2764 emendationem
1050 2718 1114 2764 non
1144 2703 1306 2780 admittit,
1332 2719 1407 2765 cum
1431 2705 1464 2764 et
1485 2702 1551 2764 alia

270 2808 339 2883 pari
362 2807 432 2867 iure
456 2804 560 2866 conici
582 2805 721 2879 possint.
1108 2807 1112 2816 “

225 2911 277 2970 tir.
302 2910 355 2970 47.
378 2908 428 2969 Bl.
451 2903 578 2981 ποπννὰ,
601 2905 640 2966 cl.
665 2906 718 2982 38,
742 2907 772 2982 2,
796 2907 869 2968 sine
892 2921 993 2968 causa
1014 2907 1141 2968 idonea.

224 3011 277 3072 Fr.
302 3011 355 3087 49,
382 3012 411 3070 1.
434 3008 482 3069 De
504 3004 622 3079 πυκνὰς
645 3007 733 3068 idem
758 2995 813 3074 cn.
837 3007 932 3069 Alex.
958 3008 1007 3067 ΙΙΙ
1029 3010 1105 3086 417,
1130 3008 1331 3085 Theopomp.
1351 3010 1383 3070 11
1403 3009 1467 3070 808
1487 3012 1548 3070 etc.

272 3111 364 3172 Unde
381 3113 516 3187 apparet
532 3108 653 3170 melius
669 3108 838 3170 subaudiri
853 3109 991 3186 κύλικος,
1007 3126 1105 3184 quam
1123 3109 1239 3186 πόσεις,
1254 3112 1292 3171 ut
1303 3111 1435 3186 supplet
1445 3110 1548 3172 Koclr.

225 3215 277 3275 lir.
298 3215 350 3289 53,
375 3214 391 3273 1
411 3217 445 3274 et
464 3215 517 3288 54,
536 3216 563 3273 1.
586 3210 668 3287 Quia
686 3209 815 3272 nullum
834 3213 1005 3287 praeterea
1023 3215 1076 3272 est
1094 3213 1360 3287 paratragoediae
1376 3212 1546 3288 indicium,

270 3315 457 3390 scripserim
488 3314 558 3375 illic
588 3329 631 3374 ex
661 3313 730 3374 cod.
762 3311 786 3374 O
817 3316 851 3374 et
874 3313 1027 3374 Eustatlr.
1055 3307 1166 3390 Θήβοξ
1193 3329 1251 3389 pro
1277 3312 1393 3392 Θήβας,
1415 3313 1469 3374 hic
1491 3314 1550 3374 aut

274 3416 373 3489 <εἰς>
398 3413 404 3494 Ι
424 3415 582 3494 Κόρινθον
612 3419 671 3476 aut
693 3405 792 3492 ἦλθον
822 3410 1087 3493 Κόρινθόν<δ’>,
1117 3415 1203 3490 quod
1226 3414 1366 3477 tortasse
1390 3415 1548 3490 praestat.

271 3517 566 3594 Desarene.
593 3519 646 3592 65,
672 3517 703 3577 3.

227 3621 277 3680 Fr.
302 3623 354 3696 55,
380 3621 410 3681 2.
434 3619 511 3696 κάρα
535 3618 655 3689 (Mein.)
679 3616 813 3692 reliquis
832 3619 1030 3680 coniecturis
1048 3622 1216 3695 praestare
1235 3621 1313 3694 puto
1333 3634 1408 3680 cum
1431 3618 1480 3678 Bl.
1505 3650 1547 3658 —

272 3721 326 3782 Vs.
357 3722 387 3782 3.
412 3721 624 3797 νοθονοχειλῆ
647 3719 832 3796 requiritur,
858 3721 941 3794 quod
966 3721 1114 3796 postulat
1135 3721 1237 3783 etiam
1261 3720 1308 3780 Bl.
1333 3720 1434 3781 Recte
1458 3719 1547 3780 enim

272 3823 383 3885 Nauck
406 3821 478 3884 Mel.
503 3821 547 3880 VI
570 3837 600 3896 p.
626 3822 668 3881 94
693 3819 920 3899 andaviznim
944 3825 1042 3884 vocat
1063 3824 1156 3899 ,eine
1176 3825 1245 3883 erst
1263 3823 1295 3882 in
1315 3822 1371 3883 der
1394 3823 1547 3896 spateren

272 3925 436 3986 Graecitat
466 3923 630 3999 zulassige
660 3923 889 4000 blisbildung.”
922 3924 1004 4000 Quid
1027 3926 1131 3988 lateat
1160 3924 1220 3987 sub
1249 3920 1547 4002 ψηφοπεριβομβή-

272 4049 354 4105 τριαν
379 4026 526 4088 nondum
554 4027 741 4100 inventum
771 4025 945 4088 infeliciter
971 4028 1063 4089 Kock
1093 4024 1485 4108 γριφοπεριβομβήτριανς
1513 4025 1547 4086 in

273 4143 319 4189 vs.
343 4132 363 4189 4
387 4123 598 4199 dienerinnen
620 4127 762 4188 tortasse
784 4143 904 4189 sanum
927 4130 988 4190 est.

230 4231 279 4290 Fr.
310 4231 362 4306 57,
394 4231 425 4291 6.
457 4229 579 4294 Maiore
609 4229 728 4290 initiali
759 4228 897 4306 Λάμπον
927 4231 965 4290 ut
994 4245 1114 4291 nomen
1146 4231 1313 4306 proprium
1338 4229 1546 4291 scribendum

273 4333 373 4394 videri
396 4332 560 4407 quondam
584 4331 707 4392 monui.

230 4433 279 4494 lir.
311 4435 362 4496 58.
399 4433 534 4494 Orosius
568 4433 650 4494 citat
684 4432 786 4492 etiam
818 4433 997 4493 zenobium
1028 4433 1058 4493 II
1086 4433 1128 4494 89
1161 4431 1266 4504 Μίδας
1299 4429 1314 4492 ὁ
1346 4428 1378 4492 ἐν
1406 4432 1547 4511 reperero

271 4533 479 4614 εὐβολώτοοος.
509 4533 580 4594 Non
607 4536 660 4595 est
688 4549 746 4594 cur
772 4549 847 4595 oum
871 4534 919 4594 Bl.
944 4535 1147 4596 coniciamus
1171 4533 1393 4613 δυοβολώτοεος
1416 4536 1548 4610 propter

270 4637 427 4713 Pollucis,
456 4635 511 4710 qui
543 4650 583 4696 ne
614 4637 745 4697 constat
774 4636 906 4709 quidem
937 4635 1014 4712 sibi,
1046 4636 1295 4698 dissensionem.
1328 4636 1483 4697 Fortasse
1513 4636 1547 4696 in

271 4738 409 4799 diversis
443 4737 598 4798 Graeciae
631 4737 818 4812 regionibus
855 4740 913 4798 aut
945 4736 1148 4812 temporibus
1186 4739 1316 4800 diverso
1350 4753 1451 4798 sensu
1486 4739 1547 4799 hoc

271 4841 376 4902 iactus
406 4839 540 4901 nomine
571 4839 758 4914 utebantur,
789 4839 848 4900 sed
879 4839 1021 4899 Athenis
1051 4838 1154 4900 luisse
1183 4839 1414 4901 felicissimum
1449 4837 1545 4900 tidem

271 4942 350 5002 iacit
368 4942 430 5003 hoc
454 4941 570 5003 Eubuli
592 4942 840 5016 testimonium
864 4941 942 5016 quin
966 4941 1054 5002 enim
1082 4942 1180 5003 huius
1202 4941 1302 5004 verba
1324 4941 1468 5003 nitentur
1491 4943 1547 5002 vix

271 5041 404 5105 dubium
429 5043 567 5105 videtur.
