3748 5792
913 500 976 560 130

325 703 391 750 non
421 702 508 764 esse,
540 687 624 748 satis
646 682 858 760 probabiliter
884 683 1023 745 coniecit
1050 680 1090 754 ὡς
1115 681 1289 762 Εύχαρλὸης
1312 688 1370 746 aut
1393 683 1450 746 οὗ..
1473 684 1604 764 mppr.

326 790 380 867 6ης
396 811 450 862 ·-;
481 788 553 850 coll.
578 786 675 862 vesp.
700 785 775 848 678.
807 783 943 864 Χορίιλης
978 799 1059 845 sanc
1089 786 1236 847 nondum
1267 789 1433 863 repertum
1461 787 1602 862 videtur,

324 891 381 954 sed
407 888 555 969 Χορείδος
579 887 796 950 Μααλλαοαελε
817 887 939 963 legitur
963 885 1078 950 00111
1104 889 1187 950 1181
1213 890 1247 950 et
1270 889 1426 969 Χαριάδης
1450 890 1603 964 frequens

325 995 377 1054 est
400 1007 520 1054 nomen
544 991 700 1066 atticum,
725 1003 873 1050 necnon
899 989 1022 1068 Χορλος.

281 1095 331 1156 Fr.
357 1094 432 1169 248,
453 1095 484 1156 5.
509 1093 570 1154 Pro
593 1091 718 1170 μάχιμος
741 1093 895 1166 proposui
917 1090 1015 1170 λίχνος
1040 1094 1097 1153 aut
1120 1089 1246 1172 μάργος,
1268 1093 1326 1154 scd
1346 1092 1427 1154 iliud
1445 1092 1603 1169 praefero.

281 1196 331 1258 Fr.
358 1197 432 1270 250,
455 1199 485 1256 4.
520 1195 557 1255 In
588 1192 629 1253 ἔτι
660 1195 732 1254 iure
765 1193 935 1256 offendens
958 1194 1006 1255 Bl.
1038 1194 1179 1255 coniecit
1207 1195 1404 1272 τραγημάτων
1427 1189 1529 1254 δοτέον
1558 1199 1605 1265 (at

325 1297 390 1358 alia
413 1298 526 1358 minus
549 1294 738 1372 probabilia)
762 1297 797 1355 et
819 1295 1017 1355 πλακούντων
1030 1298 1077 1366 (1).

281 1399 332 1460 Fr.
358 1399 432 1459 252.
461 1391 577 1462 (ἐστ’)
594 1387 627 1456 εὖ
648 1411 723 1457 cum
749 1395 888 1462 vindob.
913 1397 1020 1459 Trina.
1040 1398 1105 1475 Bl.,
1130 1398 1188 1459 sed
1210 1399 1299 1459 recte
1322 1413 1358 1458 sc
1376 1397 1475 1458 habet
1493 1391 1603 1476 ὀρθῶς.

282 1501 333 1562 Fr.
359 1501 434 1562 258.
626 1491 783 1577 Ἀφροδίσι’
811 1488 864 1578 ἦγε
887 1503 950 1572 ταῖς
973 1497 1103 1580 ἑταίραις
1125 1495 1145 1578 ἡ
1168 1497 1263 1570 πόλις·

628 1596 710 1679 ἕτερα
734 1595 767 1660 δὲ
789 1599 877 1680 χωρίς
901 1598 961 1661 έστι
984 1605 1047 1672 ταῖς
1071 1597 1251 1680 ἐλευθέραις.

625 1705 689 1773 ταῖς
711 1696 835 1781 ἡμέραις
858 1701 980 1774 ταύταις
1004 1697 1036 1763 δέ
1059 1701 1206 1780 κωμάζειν
1229 1699 1324 1773 ἔθος

627 1801 752 1878 ἔστιν,
773 1801 894 1879 νόμος
917 1824 953 1863 τε
975 1802 1043 1876 τὰς
1067 1801 1228 1881 ἑταίρας
1251 1800 1363 1863 ένθύύε

629 1905 814 1982 (μεθύειν)
842 1898 908 1982 μεθ’
934 1900 1029 1981 ἡμῶν.

327 2006 379 2067 Sic
409 2007 517 2068 editur
548 2021 623 2068 cum
653 2007 788 2068 Porsoni
818 2006 1064 2082 supplemento,
1095 2006 1153 2068 sed
1176 2009 1368 2084 suspectum
1392 2007 1474 2067 mihi
1497 2007 1549 2066 est
1570 2009 1606 2066 et

325 2123 567 2184 supervacuum
595 2107 687 2185 νόμος
710 2127 739 2166 τε
763 2109 796 2169 et
825 2105 904 2166 ἔστιν
926 2111 1123 2184 usurpatum
1146 2123 1204 2183 pro
1227 2109 1412 2170 necessario
1436 2107 1604 2184 enclitioo,

326 2209 510 2283 quodnam
534 2225 668 2270 versum
692 2207 792 2270 ordiri
815 2209 921 2284 possit
943 2203 1068 2271 dubito.
1093 2208 1250 2285 Quocirca
1272 2209 1382 2270 locum
1403 2224 1467 2270 non
1486 2208 1607 2269 lacuna

325 2311 472 2373 laborare
491 2311 549 2372 sed
573 2311 683 2386 potius
706 2309 959 2386 interpolatione
983 2310 1121 2371 credens
1145 2310 1294 2386 suspicor
1310 2314 1443 2387 poetam
1459 2310 1604 2371 dedisse:

973 2416 1036 2484 ταῖς
1061 2409 1251 2491 ἐλευθέραις,

602 2517 666 2586 ταῖς
689 2509 812 2593 ἡμέραις
835 2511 958 2586 ταύταις
982 2509 1015 2573 δέ
1038 2512 1185 2591 κωμάζειν
1208 2511 1283 2586 ἔθος

603 2613 714 2676 ένθύδε
739 2609 805 2692 μεθ’
830 2610 931 2692 ἡμῶν,
953 2615 1024 2678 scil.
1048 2619 1112 2688 ταῖς
1135 2612 1315 2694 έλενθέραις.

324 2718 482 2792 Loquitur
523 2717 624 2792 igitur
665 2717 801 2778 hetaera
842 2719 875 2777 et
916 2716 1050 2791 quidem
1091 2717 1176 2793 ipsa,
1218 2716 1252 2777 ni
1286 2716 1391 2792 fallor,
1427 2715 1607 2776 Philusa

328 2821 360 2880 in
386 2817 529 2896 prologo.

284 2921 334 2982 Fr.
361 2921 435 2996 254,
464 2922 491 2980 1.
524 2917 726 2980 coniecturis
756 2933 853 2980 suam
884 2918 976 2979 addit
997 2918 1045 2980 Bi.
1070 2915 1122 2977 ἐὰν
1147 2953 1187 2963 -
1211 2915 1267 2997 ἔχον
1290 2933 1348 2994 pro
1371 2925 1425 2978 τοῦ
1450 2950 1490 2962 -
1514 2914 1609 2995 ἔχειν,

325 3023 502 3100 propositis
532 3022 740 3082 audaciorem
769 3036 829 3082 nec
859 3020 1042 3082 meliorem.
1080 3020 1212 3095 Optime
1243 3021 1301 3081 eut
1330 3019 1445 3080 Iacobo
1475 3039 1536 3078 τιον
1564 3053 1604 3063 -

324 3123 399 3202 ἔχων
422 3126 480 3184 aut
502 3123 649 3185 Meineire
671 3144 716 3181 τοι
740 3155 781 3166 -
805 3119 879 3201 ἔχων
902 3122 1086 3182 correxisse
1111 3122 1250 3184 ridetur.

281 3227 331 3286 Fr.
357 3227 432 3287 255.
545 3223 646 3285 εἰτοῦ
670 3223 878 3301 μεθύσκεσθαι
901 3221 1047 3302 πρότερον
1070 3222 1102 3283 τὸ
1126 3227 1296 3302 κραιπαλᾶν

546 3318 800 3406 παρεγί<μ>νεθ’
826 3319 913 3402 ἡμῖν,
935 3319 1004 3385 οὐδ’
1030 3320 1069 3383 ἂν
1092 3317 1133 3396 είς
1157 3317 1242 3384 οἶνόν
1265 3343 1337 3384 ποτε

542 3426 726 3507 προσίετο
750 3425 870 3486 πλείω
893 3433 959 3486 τοῦ
983 3426 1154 3506 μετρίου.
1176 3422 1246 3486 νυνί
1270 3419 1303 3485 δέ
1325 3422 1380 3502 τήν

544 3526 689 3607 τιμωρίαν
711 3524 748 3588 ού
771 3525 996 3605 προσδοκῶντες
1018 3533 1071 3604 τῆς
1095 3525 1191 3606 μέθης

496 3627 500 3635 ’
545 3630 627 3710 ἥξειν
649 3627 811 3708 προχείρως
834 3627 925 3700 τοὺς
949 3625 1149 3707 ἀκράτους
1172 3626 1308 3706 πίνομεν.

324 3734 521 3808 corruptum
551 3745 624 3792 esse
655 3728 724 3800 τοὺς
753 3726 900 3807 ἀκράτους
924 3730 1066 3791 concedo
1090 3729 1228 3806 Koclrio,
1253 3728 1311 3790 sed
1334 3728 1423 3788 mals
1447 3729 1602 3790 correxit.

323 3836 393 3896 Non
428 3836 518 3895 enim
552 3834 592 3894 de
627 3846 731 3907 mero,
767 3831 826 3891 sad
861 3831 900 3891 de
942 3831 1269 3892 immoderatius
1303 3830 1446 3907 potando
1481 3829 1602 3906 agitur,

321 3937 432 4009 itaque
456 3934 534 3995 olim
558 3934 683 3995 conieci
706 3926 817 3993 οίνον
840 3930 1016 4011 ἀκρατῶς
1039 3931 1175 4011 πίνομεν.
1200 3931 1305 3994 Hodie
1328 3931 1555 4006 praetulerim:

319 4033 325 4046 '
635 4032 798 4112 προχείρως
821 4031 949 4112 πίνομέν
972 4055 1009 4093 τε
1031 4030 1244 4112 κᾶκρατῶς.

320 4136 411 4196 Licet
439 4151 505 4197 non
527 4136 749 4210 persuaserim
772 4135 910 4214 noerio,
935 4136 1096 4211 hodieque
1119 4137 1168 4197 sic
1190 4137 1313 4196 statuo.
1338 4166 1378 4178 ·-
1400 4132 1455 4196 Vs.
1488 4134 1518 4194 8.
1550 4133 1599 4193 Bl.

321 4236 467 4297 offensus
500 4237 592 4298 brevi
622 4238 690 4298 iota
719 4239 860 4298 coniecit
890 4241 1041 4316 νιροοεῖνο,
1074 4240 1133 4299 aut
1156 4237 1267 4309 (male)
1290 4228 1416 4312 προνοί
1442 4230 1480 4292 ἂν
1503 4237 1602 4318 πλεῖν,

323 4339 451 4399 mutato
486 4338 586 4399 simul
621 4354 669 4400 vs.
696 4339 714 4398 2
746 4331 830 4398 οἶνον
860 4339 894 4399 in
925 4337 1021 4398 οἴνου.
1054 4339 1174 4400 Forma
1203 4337 1292 4399 enim
1320 4339 1405 4396 πλεῖν
1428 4351 1486 4410 pro
1509 4331 1600 4394 πλέον

323 4455 388 4500 non
418 4440 481 4500 nisi
513 4455 588 4500 cum
619 4440 767 4500 numeris
791 4440 1010 4514 coniungitur.
1035 4440 1269 4515 Imperfectum
1294 4451 1371 4498 vero
1394 4437 1425 4497 h.
1446 4437 1468 4498 l.
1492 4436 1601 4512 aptius

322 4554 421 4614 quam
452 4541 595 4601 aoristus
626 4543 658 4602 et
681 4541 715 4600 in
739 4541 920 4601 recentiore
944 4542 1114 4602 comoedia
1134 4541 1225 4602 verbi
1243 4539 1307 4618 λημι
1327 4539 1395 4600 iota
1413 4539 1597 4613 correptum

322 4644 434 4702 tuetur
464 4639 587 4718 συνίημι
618 4641 757 4702 Philem.
789 4641 833 4700 IV
864 4643 924 4715 483
961 4642 1107 4704 Straton.
1139 4642 1184 4702 IV
1214 4643 1289 4718 546,
1321 4641 1400 4702 lieet
1428 4639 1473 4700 ibi
1504 4638 1599 4700 facile

322 4742 464 4802 conicias
495 4751 636 4820 συνῆκας.
668 4743 821 4804 Fortasse
852 4744 953 4818 igitur
980 4747 1129 4818 praestat
1158 4745 1190 4804 h.
1214 4743 1235 4805 1.
1260 4743 1471 4804 admitterere
1495 4739 1599 4801 durio-

321 4858 392 4904 rem
416 4848 632 4919 anapaestum
655 4839 747 4920 προοι
765 4841 770 4923 Ι
791 4864 838 4904 ετο
862 4837 953 4926 ciet!
975 4866 1006 4904 οι.

278 4947 329 5008 rr.
355 4947 430 5010 257.
577 4943 640 5005 ἀεί
660 4940 683 5025 μ’
710 4941 726 5004 ὁ
751 4947 915 5024 Χαιρεφῶν
937 4939 988 5005 τιν’
1017 4943 1147 5024 εύρίσκει
1170 4944 1285 5026 τέχνην.

578 5041 641 5106 καί
664 5053 738 5106 νῦν
761 5044 912 5124 πορίζεταί
932 5065 973 5128 με
995 5043 1030 5106 τὰ
1055 5041 1148 5108 δεῖπν’
1173 5044 1339 5126 ἀσύμβολα.
