3748 5792
933 487 994 546 122

347 675 435 734 recte
458 673 537 735 olim
561 689 609 734 vs.
634 676 652 734 2
677 674 830 750 proposui
855 673 954 734 τίοεει
976 675 1046 754 prim
1065 677 1155 737 recte
1177 675 1252 750 post
1274 670 1353 734 ἐστιν
1372 677 1434 745 (vs.
1458 671 1489 749 1)
1509 673 1624 734 deinde

347 775 438 836 Kock
460 776 664 850 transposuit
686 775 920 852 hypostigmen
942 777 1085 853 positam
1108 777 1185 853 post
1207 775 1304 854 κύβοι.

304 877 354 938 Fr.
379 877 431 953 40,
459 877 487 938 1.
512 873 649 956 λέγουσιν
672 873 705 937 ἐν
728 877 801 938 sine
826 893 926 939 causa
949 878 998 940 Bl.
1024 911 1064 922 -
1090 876 1171 939 (ium
1195 877 1257 940 boc
1280 876 1319 938 ir.
1344 891 1499 951 compara
1522 875 1622 936 etiarn

347 977 548 1040 Philemonis
571 978 610 1040 fr.
634 979 695 1039 139
719 982 752 1040 et
775 983 891 1040 notum
913 980 1023 1042 locum
1046 981 1080 1040 in
1103 978 1380 1040 Pseudo-Luciam
1403 976 1589 1038 Amoribus.

303 1080 354 1140 Fr.
379 1079 431 1155 42,
458 1081 487 1140 2.
520 1080 651 1141 arridet
673 1080 810 1142 Nauckii
833 1083 1022 1142 coniectura
1045 1078 1274 1159 ὀζοιμοτάριχος,
1300 1094 1399 1154 quam
1423 1078 1508 1140 falso
1532 1093 1623 1154 argu·

348 1183 460 1242 mento
502 1181 675 1256 impugnat
716 1182 825 1256 Kock;
868 1198 934 1244 vox
976 1183 1101 1260 optime
1139 1182 1284 1244 formata
1318 1183 1369 1241 est
1405 1196 1446 1241 ax
1481 1177 1558 1252 ὄζειν
1592 1181 1624 1240 et

348 1279 537 1362 ὠμοτάριχος.

303 1387 354 1448 Fr.
378 1387 431 1462 45,
457 1387 488 1447 4.
522 1382 690 1464 άνιοφρίοοι
728 1382 879 1463 (verbum
913 1387 999 1462 apud
1034 1386 1125 1448 solos
1162 1385 1365 1462 Geoponicos
1398 1384 1533 1453 lectum)
1567 1397 1624 1457 pro

347 1484 513 1566 ἀφυβρίσαι
533 1488 672 1548 coniecit
694 1486 742 1550 Bl.
767 1488 970 1562 ingeniosius
993 1503 1093 1564 quam
1114 1488 1233 1550 varius.
1259 1487 1401 1563 Vulgata
1423 1486 1521 1547 lectio
1544 1499 1626 1546 sana

348 1589 489 1652 videtur.

303 1691 354 1753 Fr.
390 1691 443 1767 48,
469 1693 499 1752 8.
531 1690 647 1752 Koclrii
679 1691 903 1753 coniecturam
934 1693 968 1752 et
998 1707 1059 1768 ego
1083 1691 1162 1753 olim
1186 1690 1371 1766 improbavi
1393 1691 1427 1750 ct
1450 1703 1538 1750 nunc
1559 1687 1622 1762 Bl.,

347 1793 402 1866 qui
425 1793 592 1854 immerito
615 1791 710 1854 infr.
735 1792 777 1854 49
802 1795 914 1855 tuetur
937 1790 1183 1870 τάοεστολμὲνον.

303 1895 354 1956 Fr.
380 1896 431 1956 55.
455 1894 504 1956 Bl.
540 1893 592 1966 άὸς
624 1899 693 1970 (pro
723 1891 784 1964 uel)
817 1894 948 1978 Ζονεάρρ
979 1894 1151 1957 violenter.
1184 1894 1265 1971 Quid
1295 1891 1512 1970 praecesserit
1536 1905 1625 1952 secu·

347 1997 462 2057 tumve
485 1995 529 2058 sit
553 1995 781 2072 ignorantibus
803 1996 885 2058 talia
908 1999 1038 2058 mutare
1062 1996 1149 2058 male
1174 2011 1276 2058 sanae
1300 1997 1353 2056 est
1376 1993 1515 2054 critices.

302 2097 354 2160 Fr.
379 2099 432 2176 50,
458 2099 477 2159 0
512 2095 626 2169 πάντας
657 2098 691 2158 in
722 2095 841 2169 ιιάντος
871 2101 982 2160 mutat
1004 2098 1109 2176 Koch,
1141 2098 1252 2160 locum
1275 2110 1447 2174 perperam
1471 2095 1625 2170 interpre-

349 2201 453 2275 tatus,
485 2215 545 2260 neo
576 2198 696 2259 melius
727 2198 775 2260 Bl.
804 2214 853 2260 vs.
879 2203 898 2261 5
930 2197 1026 2276 μόνον
1056 2199 1090 2260 in
1121 2199 1227 2277 μόνοις
1251 2201 1286 2260 et
1309 2213 1358 2260 vs.
1383 2199 1402 2259 6
1426 2205 1526 2255 τάσιν.
1550 2194 1623 2254 Tra·

348 2300 435 2361 ditae
458 2302 640 2377 scripturae
659 2299 857 2361 sanissimae
875 2305 964 2364 sunt.
989 2301 1142 2378 Ζημίον
1164 2308 1229 2378 τῆς
1252 2297 1389 2378 τέχνης
1412 2300 1510 2374 poeta
1529 2294 1625 2357 vocat

348 2402 403 2475 qui
433 2418 498 2463 non
528 2404 580 2462 tot
609 2402 717 2476 pisces
744 2402 860 2462 emunt
890 2406 969 2476 quot
1000 2401 1213 2464 Callimedon.
1239 2435 1279 2446 -
1310 2399 1366 2461 Vs.
1397 2401 1428 2462 4.
1463 2397 1544 2460 Gum
1575 2396 1624 2458 Bl.

350 2503 464 2564 malim
489 2502 624 2582 κάραβον
646 2499 773 2582 ἔχουσαν
796 2497 897 2562 ὀπτὸν.

305 2605 356 2666 Fr.
382 2605 434 2665 58.
458 2604 507 2666 Bl.
531 2601 596 2676 τὰς
620 2602 803 2682 φιλοτησίας.
824 2603 886 2665 Sed
909 2604 949 2666 cf.
970 2604 1071 2668 Beklr.
1092 2607 1164 2682 An,
1185 2606 1294 2667 locum
1307 2601 1625 2665 allatumaKockio.

305 2707 355 2766 Fr.
381 2707 434 2781 59,
462 2709 489 2768 1.
525 2700 651 2786 φέροοο’
689 2699 802 2766 οἶνον
836 2705 950 2786 γλυκὺν
981 2707 1086 2783 Koclr,
1118 2707 1282 2784 sagaciter
1311 2722 1376 2768 sac.
1404 2704 1467 2782 Bl.,
1499 2707 1625 2766 temere

348 2824 402 2870 ma
425 2809 540 2871 iudice.
564 2809 729 2884 Legitima
751 2809 878 2871 obtinet
901 2809 1038 2884 ellipsis.
1063 2808 1109 2871 ci.
1133 2810 1172 2871 fr.
1200 2809 1273 2887 175,
1302 2810 1341 2870 18

671 2909 833 2990 βοτρύδιόν
855 2933 897 2988 τι,
919 2910 1037 2990 χόριον,
1059 2908 1091 2972 ἐν
1115 2911 1246 2997 ττοτηρίτμ

672 3012 834 3093 γλυκύν
858 3011 891 3073 τὸ
914 3020 1053 3074 τοιοῦτον
1076 3010 1132 3072 κτὲ.

349 3114 447 3175 Nulla
479 3115 592 3175 autem
623 3117 676 3176 ast
706 3115 738 3175 in
770 3115 908 3178 articulo
939 3115 1091 3193 offensio,
1123 3116 1152 3177 si
1181 3115 1213 3176 in
1238 3115 1441 3191 praegressis
1463 3115 1534 3175 eius
1558 3112 1627 3172 vini

347 3219 415 3278 iam
439 3216 527 3276 facta
550 3218 622 3277 arat
644 3217 779 3278 mentio.

305 3319 356 3378 Fr.
381 3319 434 3378 60.
1065 3317 1120 3397 τὴν
1143 3317 1268 3398 σπάθην

658 3417 691 3480 ἐν
714 3428 753 3502 τῷ
778 3420 862 3506 μύρῳ
886 3425 1031 3498 καθῆκεν.

349 3519 470 3581 Comici
506 3521 598 3580 attici
634 3521 733 3582 attice
767 3521 992 3599 loquebantur,
1030 3523 1155 3598 opinor,
1195 3536 1260 3582 non
1300 3519 1480 3594 homerica,
1515 3517 1629 3590 itaque

348 3636 452 3696 neque
487 3620 653 3682 homerico
689 3619 720 3682 ἐν
752 3619 825 3702 napi
854 3623 973 3702 βάλλειν
1003 3638 1109 3698 neque
1139 3623 1214 3684 aliis
1244 3621 1410 3683 similibus
1440 3619 1521 3680 haec
1549 3632 1627 3690 syn·

347 3723 437 3784 texis
461 3723 654 3784 defenditur.
678 3723 819 3798 Requiro
843 3721 872 3796 ἐς
894 3722 926 3785 τὸ
951 3723 1049 3805 μύρον
1072 3721 1255 3804 tyrannm,
1277 3725 1313 3784 ut
1337 3723 1393 3784 Ar.
1418 3722 1493 3796 Lys.
1519 3717 1583 3778 308

503 3832 554 3901 τῆς
578 3821 712 3899 ἀμπέλου
737 3819 763 3884 δ’
791 3821 820 3896 ἐς
841 3823 894 3902 τὴν
917 3827 1028 3904 χύτρον
1052 3823 1105 3886 τὸν
1127 3822 1228 3903 φανὸν
1251 3821 1436 3905 ἐγκαθέντες.

347 3925 393 3986 οο
417 3940 452 3986 το
475 3927 523 3986 Bl.
548 3926 604 3986 cil.
629 3925 862 4002 Aristophanis
885 3927 923 3988 fr.
949 3929 1024 3989 205.

303 4026 354 4087 Fr.
380 4028 431 4086 62.
453 4027 652 4103 Antiphanis
671 4026 708 4088 fr.
724 4029 787 4088 202
812 4028 867 4088 cit.
890 4029 1033 4090 Grusius.
1049 4064 1088 4074 —
1105 4029 1160 4090 Vs.
1176 4030 1206 4092 8.
1231 4029 1295 4090 Vix
1319 4027 1472 4089 credibile
1494 4024 1542 4086 Bl.
1566 4037 1628 4098 pro

347 4127 526 4188 sanissimo
575 4126 702 4205 ὑόμενος
742 4129 988 4204 ineptissimum
1028 4129 1212 4207 λουσάμενος
1260 4142 1439 4204 proponere
1479 4125 1628 4202 potuisse

348 4231 444 4290 Ado.
469 4246 499 4304 p.
525 4231 600 4291 830.
1244 4293 1245 4296 ,

304 4333 355 4392 Fr.
380 4333 433 4408 85,
461 4332 476 4391 1
511 4327 543 4390 δέ
565 4347 612 4392 σοι
643 4331 842 4393 coniecturis
866 4332 940 4392 addi
968 4332 1017 4395 Bl.
1042 4348 1100 4409 pro
1124 4329 1227 4410 τέμοι
1250 4331 1318 4404 (sed
1341 4346 1399 4392 cur
1425 4351 1455 4390 τε
1478 4329 1628 4388 mutetur

347 4447 387 4493 ne
410 4431 583 4492 levissima
605 4433 738 4506 quidem
762 4435 961 4510 causaest),
988 4449 1036 4496 vs.
1058 4435 1076 4494 2
1100 4434 1214 4509 legens
1237 4428 1416 4512 ιιροάντεμψέ
1439 4424 1477 4507 μ’.

305 4533 355 4594 Fr.
381 4533 433 4593 08.
469 4531 606 4594 Poetam
639 4533 766 4595 imitari
801 4533 995 4610 sophoclem
1031 4536 1070 4597 fr.
1097 4537 1160 4597 512
1195 4534 1381 4615 φιλάργυρον
1415 4531 1472 4613 γάρ
1501 4539 1563 4590 nov
1592 4528 1627 4590 τὸ

348 4631 503 4712 βάρβαρον
533 4630 618 4712 γένος
650 4637 765 4696 monet
794 4635 857 4712 Bl.,
890 4637 1016 4698 temera
1038 4660 1101 4710 νιος
1125 4637 1290 4699 coniciens
1312 4651 1370 4712 pro
1393 4643 1455 4695 πᾶν
1477 4637 1510 4694 et
1533 4631 1627 4707 peius

349 4734 451 4795 etiam
476 4733 509 4794 in
533 4734 627 4796 Add.
651 4752 681 4810 p.
696 4737 760 4797 388
785 4737 889 4815 Σύρον
913 4735 972 4797 ἐστι
994 4755 1053 4814 pro
1076 4739 1235 4818 Σάρδεων,
1257 4753 1318 4800 nec
1338 4737 1458 4798 melius
1476 4735 1516 4796 ir.
1535 4734 1625 4809 70,2

347 4835 528 4896 sollicitans
559 4839 592 4896 ct
621 4836 746 4898 frustra
772 4838 962 4915 improbans
985 4855 1035 4902 vs.
1060 4844 1079 4902 5
1104 4839 1255 4902 Meinekii
1279 4840 1503 4900 coniecturam
1525 4838 1628 4906 καλοῖς

348 4951 406 5011 pro
436 4933 544 5008 άλλοις.
574 4937 646 4998 Non
675 4938 783 5013 magis
814 4941 954 5001 eundem
984 4957 1103 5016 sequar
1126 4944 1312 5003 tentantem
1340 4940 1379 5001 fr.
1405 4941 1444 5000 71
1470 4941 1503 5000 et
1527 4937 1580 5014 76,
1605 4937 1625 4996 2

348 5036 459 5116 γίνεται
481 5037 513 5108 (l.
537 5036 677 5118 γίγνεται)
705 5042 830 5101 temere
854 5044 1040 5103 mutantem
1063 5043 1096 5103 in
1121 5043 1241 5115 σώζεται
1264 5049 1298 5104 et
1322 5057 1370 5104 vs.
1395 5043 1414 5103 5
1438 5035 1460 5100 τ’
1486 5040 1520 5100 in
1543 5033 1567 5098 δ’
1592 5041 1629 5100 et
