3748 5792
838 475 900 564 115

206 695 258 758 llr.
285 695 336 772 19,
363 696 392 756 2.
663 695 695 752 Β.
722 691 751 751 τί
772 691 809 752 σὺ
832 688 942 772 λλγεις;
965 689 1105 771 ἰχθύδια,

473 794 625 856 συσσίτιον
648 792 760 873 μέλλεις
783 794 974 873 νοσηλεύειν,
998 791 1091 854 ὅσον

473 890 627 975 ἀκροκώλι’
653 893 739 970 ἕψειν
767 891 908 971 <ώτίοι>,
930 894 1042 974 ῥύγχη,
1064 893 1169 965 πόδας.

252 999 301 1060 Ex
334 1000 405 1076 ipso
439 998 612 1060 Athenaeo
647 998 786 1060 feliciter
821 993 893 1057 ὠτία
927 997 1074 1058 restituit
1107 996 1211 1072 Koch,
1247 996 1305 1056 sed
1340 999 1530 1071 corruptum

251 1103 357 1162 restet
380 1098 461 1176 όσον,
484 1115 547 1174 quo
570 1100 652 1160 nihil
675 1099 816 1160 lucidius
833 1102 886 1161 est
906 1097 979 1183 όσρι,
998 1098 1083 1173 quod
1103 1097 1272 1173 proposuit
1289 1097 1337 1157 Bl.
1360 1096 1532 1158 Manifesto

252 1202 420 1263 sententia
441 1201 605 1276 postulat:

788 1301 972 1381 νοσηλεύειν,
995 1298 1060 1361 όέο
1071 1323 1088 1359 ν

477 1398 629 1482 ἀκροκώλι’
657 1399 742 1480 ἕψειν
767 1437 806 1448 -
831 1403 946 1476 πόδας,

209 1509 260 1570 Fr.
285 1509 338 1584 20,
366 1509 394 1568 l.
419 1505 451 1566 τό
470 1504 595 1581 κρανίον
620 1503 801 1582 κατεδήδοκε
822 1521 879 1566 cur
897 1506 1045 1580 praestet
1064 1503 1200 1580 vulgato
1221 1503 1396 1564 verborum
1416 1505 1535 1580 ordini,

254 1611 291 1669 ut
313 1611 409 1684 putat
432 1608 490 1684 Bl,
517 1609 599 1669 mitri
623 1608 755 1682 quidem
779 1609 830 1668 est
853 1606 1138 1668 obscurissimum.

137 1744 147 1757 ·
210 1711 261 1772 δε.
287 1711 340 1786 21,
365 1711 396 1770 3.
421 1706 564 1788 ἑταιρείας
595 1725 654 1785 pro
685 1707 814 1788 ἑταιρίας
843 1709 992 1785 postulat
1024 1707 1171 1769 Meineke
1195 1706 1353 1782 probante
1376 1708 1537 1784 Nauokio,

253 1812 470 1872 dissentiente
500 1812 560 1888 Bl.‚
586 1811 672 1887 quod
696 1810 825 1872 nullum
851 1812 944 1871 extet
967 1808 1106 1870 verbum
1129 1805 1303 1887 teripedem,
1324 1810 1382 1871 sed
1406 1806 1542 1888 ἑταιρεῖν,

254 1927 319 1974 non
343 1915 503 1988 reputans
527 1916 641 1975 tamen
667 1927 741 1974 esse
765 1912 903 1974 verbum
928 1909 1148 1990 ἑταιρεόεσοαι,
1170 1911 1274 1972 subet.
1299 1908 1452 1988 ἑταιρεῑον,
1475 1913 1540 1974 adi.

255 2010 411 2092 ἑταιρεῑος,
439 2014 567 2076 formas
596 2015 722 2075 ionicae
752 2009 903 2092 ἕταιρηίη,
923 2010 1080 2090 ἑταιρήιος.
1103 2011 1222 2073 Nullus
1244 2012 1415 2088 hucusque
1437 2013 1540 2076 bonae

255 2115 378 2177 aetatis
408 2115 526 2177 titulus
555 2117 713 2176 inventus
736 2115 876 2190 videtur,
906 2115 961 2190 qui
984 2113 1212 2190 quaestionem
1236 2114 1334 2190 plane
1356 2114 1540 2193 dirimeret,

256 2219 314 2278 sed
335 2216 430 2278 valde
451 2217 632 2295 probabilis
658 2221 773 2278 tamen
793 2218 923 2278 videtur
941 2216 1051 2292 opinio
1071 2230 1200 2292 eorum,
1226 2215 1280 2288 qui
1300 2215 1542 2293 diphthongum

255 2320 438 2397 postulant,
472 2320 672 2396 gravissimo
708 2321 841 2380 utentes
872 2319 1068 2393 argumento
1099 2316 1343 2392 diphthongum
1374 2318 1542 2380 interdum

258 2423 362 2483 metro
381 2421 556 2497 postulari,
579 2421 728 2482 vocalem
749 2435 926 2494 nusquam.
947 2418 994 2480 cf.
1014 2417 1154 2478 Dindori
1169 2418 1204 2479 in
1216 2418 1385 2481 Thesauro
1396 2436 1427 2495 p.
1442 2422 1540 2482 2117.

259 2523 351 2585 Vana
374 2527 427 2586 est
444 2527 594 2586 veterum
618 2523 913 2599 grammaticorum
939 2522 1108 2583 distinctio
1132 2521 1219 2582 inter
1237 2517 1370 2598 ἑταιρίαν
1383 2545 1424 2571 =
1438 2520 1543 2599 φιλίαν

258 2625 293 2686 et
314 2621 461 2702 ἑταιρείαν
485 2640 588 2687 sensu
610 2623 752 2700 politico.
781 2623 942 2685 Similiter
964 2620 1087 2702 deipsis
1106 2623 1251 2699 genuina
1269 2624 1376 2685 torma
1395 2627 1447 2686 est
1466 2628 1543 2696 (non

260 2724 377 2805 ἀνδρία)
402 2730 442 2788 ad
466 2726 719 2788 similitudinem
743 2725 899 2786 adiectivi
922 2721 1060 2803 ἀνδρεῖος
1084 2725 1237 2787 formata.

218 2829 268 2889 Fr.
293 2830 344 2906 22,
371 2831 388 2892 7
414 2829 566 2905 spurium
597 2828 687 2890 ducit
717 2828 778 2903 Bl.,
803 2843 869 2888 non
893 2842 971 2903 ego,
996 2842 1057 2887 nec
1080 2826 1174 2888 video
1198 2840 1256 2887 cur
1279 2841 1328 2888 vs.
1353 2828 1374 2887 9
1397 2831 1544 2903 praestet

262 2925 385 3008 ὡσπερεὶ
417 2935 486 3006 (pro
515 2927 613 3004 ὥσπερ
644 2923 675 3006 ἡ)
706 2928 854 3006 Χίμαιρα,
887 2930 945 2989 aut
980 2943 1029 2991 vs.
1068 2929 1107 2987 12
1143 2935 1201 2986 νῦν
1230 2943 1288 3005 pro
1320 2921 1347 2987 d’
1375 2919 1429 3006 αὖ,
1459 2945 1543 3003 quae

261 3031 348 3092 idern
371 3031 524 3108 requirit,
549 3031 608 3091 sed
634 3045 682 3090 va.
711 3030 751 3090 18
774 3029 857 3090 bene
881 3030 994 3090 tuetur
1017 3025 1083 3106 οόχὲ
1106 3026 1208 3107 πόρρω
1228 3050 1288 3090 ποο
1311 3033 1395 3089 ποιεῖ
1414 3031 1544 3102 (leave

263 3165 304 3175 -
325 3132 491 3203 behind)
521 3134 555 3193 et
584 3146 633 3193 vs.
659 3133 700 3192 25
729 3130 793 3192 εἴθε
816 3131 959 3193 fortasse
986 3130 1056 3191 iure
1083 3129 1232 3205 postulat
1261 3147 1320 3208 pro
1342 3133 1451 3208 primo
1474 3125 1544 3192 είτα.

262 3233 401 3311 ibidem,
434 3240 472 3294 ut
502 3233 657 3310 antehac,
688 3233 825 3309 probata
847 3231 986 3293 Dobraei
1009 3232 1137 3292 ratione
1160 3233 1309 3308 improbo
1332 3233 1448 3296 Koclril
1472 3249 1542 3294 con-

263 3336 436 3410 iecturam,
458 3335 534 3409 quia
553 3332 667 3413 θρόνος
686 3349 855 3409 semper
874 3336 926 3394 est
941 3331 1103 3410 τετράπους
1116 3336 1150 3394 et
1161 3330 1319 3417 ἀπορούσῃ
1332 3334 1489 3397 abundat.
1503 3369 1544 3379 -

265 3435 318 3496 Vs.
343 3436 396 3496 21.
421 3435 533 3496 Malim
556 3431 603 3494 τόν
627 3430 724 3511 σκέλη.
744 3467 786 3474 -
807 3433 863 3496 Vs.
885 3434 938 3495 28.
961 3433 1149 3509 Depravata
1170 3432 1268 3495 lectio
1293 3429 1319 3494 d’
1345 3431 1428 3496 όκαν
1454 3435 1545 3514 μόνος

265 3552 368 3612 neque
398 3536 563 3611 Bleydesii
594 3536 784 3597 coniectura
807 3528 835 3594 d'
868 3533 946 3596 οδτα
970 3533 1062 3611 μόνος
1092 3549 1196 3610 neque
1227 3537 1396 3598 Kochiana
1424 3536 1546 3598 πόντων

264 3637 355 3716 μόνος
385 3641 533 3698 sanatur.
564 3636 663 3698 Venit
693 3637 726 3697 in
761 3641 910 3698 mentem
942 3630 968 3695 δ’
1002 3632 1085 3697 όταν
1116 3634 1246 3714 μόλις,
1275 3638 1347 3699 scil.
1379 3639 1545 3700 invitus

264 3742 394 3815 proptor
408 3739 510 3800 scorti
532 3737 716 3816 illecebras,
742 3739 860 3814 quibus
880 3741 1009 3815 captus,
1031 3754 1111 3802 mox
1123 3739 1264 3800 avaritia
1281 3740 1351 3800 eius
1370 3741 1547 3801 deterritus

265 3841 377 3915 rugam
401 3839 546 3914 capessit
569 3841 603 3900 et
627 3841 699 3901 vix
722 3840 838 3902 salvus
861 3841 982 3904 evadit.

225 3943 273 4004 Fr.
298 3943 350 4019 23,
376 3942 406 4002 2.
430 3934 487 4019 τρί’
515 3955 573 4014 pro
596 3939 657 4019 τρίς
682 3956 814 4002 mecum
840 3941 889 4004 Bl.

226 4043 274 4103 Fr.
299 4045 350 4104 24.
374 4038 426 4102 κοιλ
455 4039 530 4121 πρὸς
560 4039 608 4100 lul
634 4041 750 4114 τούτοις
773 4041 940 4114 τιθασὸς
964 4041 1100 4121 οἰμώζων
1123 4033 1208 4114 ταῶς.
1234 4043 1314 4120 Quid
1339 4061 1461 4120 quaeso
1484 4045 1547 4106 sibi

269 4145 338 4206 vult
367 4141 516 4214 τιδασόςδ
545 4143 660 4204 Nonne
690 4143 793 4218 igitur
822 4143 881 4206 illa
911 4147 1021 4206 aetate
1051 4160 1168 4205 omnes
1191 4160 1351 4223 pavones,
1378 4149 1414 4207 ut
1436 4146 1547 4221 hodie,

267 4245 300 4307 in
319 4246 456 4308 Graecia
474 4247 567 4305 erant
585 4245 734 4306 cicures?
758 4246 912 4307 Fortasse
932 4245 1051 4306 vitium
1071 4246 1194 4308 subest.
1218 4245 1360 4324 Οίμώζτον
1380 4249 1493 4310 utrum
1505 4272 1547 4296 =

269 4344 482 4424 οἰμωξόμενος,
511 4347 549 4406 ut
578 4339 747 4422 'aristoph
778 4347 817 4407 fr.
853 4347 902 4423 18,
928 4348 947 4408 2
979 4346 1045 4418 tubi
1069 4348 1164 4424 vide),
1196 4363 1237 4408 an
1261 4348 1371 4423 potius
1394 4349 1549 4410 misere

270 4449 482 4510 clamans?
503 4447 588 4508 Nota
611 4449 664 4508 est
687 4448 828 4508 stridula
851 4462 917 4509 vox
940 4449 1089 4523 pavonis.

229 4551 278 4612 Fr.
298 4551 350 4626 25,
374 4551 402 4611 1.
423 4547 539 4609 Kockii
560 4549 767 4610 coniecturae
787 4545 838 4607 καλ
858 4547 1000 4626 Κρόνιος
1020 4565 1079 4625 pro
1091 4545 1210 4631 χότερος
1224 4565 1288 4612 non
1301 4551 1410 4612 solum
1424 4552 1549 4626 obstat,

271 4652 369 4728 quod,
402 4652 439 4711 ut
469 4650 549 4710 olim
580 4649 709 4726 monui,
742 4650 776 4711 in
807 4650 931 4711 tradita
964 4651 1105 4712 lectione
1140 4651 1230 4712 nulla
1265 4655 1316 4713 est
1351 4653 1488 4714 offensio
1519 4657 1554 4714 et

271 4757 382 4830 aperte
405 4751 597 4812 Athenaeus
620 4750 701 4812 illud
720 4767 785 4812 non
805 4750 900 4830 legit,
921 4753 979 4813 sed
999 4753 1114 4830 etiam,
1136 4756 1174 4815 ut
1193 4756 1307 4815 monet
1323 4753 1383 4830 Bl,
1403 4755 1550 4816 additum

270 4877 322 4926 τις.
352 4853 470 4914 Procul
500 4852 598 4913 duoio
629 4867 771 4928 persona
801 4854 889 4928 prior
912 4853 1022 4915 verbis
1051 4851 1171 4934 χόίτερός
1194 4877 1237 4927 τις
1260 4871 1297 4916 se
1321 4857 1431 4932 ipsum
1454 4857 1552 4931 signi·

272 4954 361 5031 dost,
394 4955 523 5015 comica
552 4956 808 5029 exaggeratione
845 4958 942 5016 utens
972 4959 1034 5027 (est
1065 4956 1154 5018 enim
1182 4957 1423 5027 famelicus)
1454 4959 1554 5019 verbo

274 5055 486 5137 διαρραγῆναι,
517 5069 652 5131 prorsus
680 5059 717 5116 ut
740 5056 774 5117 in
797 5056 948 5118 Alexidis
971 5059 1005 5117 et
1029 5057 1235 5118 Phoenicidls
1258 5059 1455 5134 fragmentis
1477 5059 1553 5131 (vid.
