3718 5788
825 509 887 570 166
924 499 930 508 ’

237 693 295 755 xri.
321 695 441 756 -116,
466 697 497 756 4.
530 696 639 773 ζῶντα,
668 695 698 756 si
728 711 864 773 sanum,
897 696 1062 773 siguificat
1092 694 1147 770 ἕως
1177 694 1216 757 ἂν
1239 697 1273 782 ζη·
1296 720 1347 770 τις.
1370 698 1419 762 Bl.
1444 713 1515 760 con·

239 799 316 858 iecit
339 797 433 856 εἰτιεῑν
455 792 532 856 ταῦτ’
563 790 707 876 <ἔμοογ’>
735 795 773 857 οά
803 797 952 876 πείσομαι.
989 799 1023 859 Si
1054 800 1130 875 quid
1165 800 1376 877 mutandum,
1401 801 1518 861 malim

240 900 314 976 δῆτα
338 916 395 975 pro
418 902 527 974 ζῶντα,
550 899 607 960 sed
629 900 740 975 potius
764 899 916 962 abstineo
939 917 1089 962 manum.

184 1002 342 1078 612360,
368 1005 394 1062 l.
423 1002 580 1077 Proposui
611 1001 739 1080 χρηστὸν
769 1001 869 1080 νόμιζε
899 1004 964 1074 (vel
992 1003 1112 1081 νόμιζω)
1139 1001 1519 1080 vorivsimprobabiliter

240 1120 327 1165 nuno
353 1107 485 1180 propter
513 1103 706 1165 violentiam
731 1104 779 1164 Bl.
803 1103 928 1182 χρηστὸς
951 1105 1060 1182 τρόπος
1083 1106 1139 1185 μάρ
1163 1099 1215 1164 ἐστ’
1243 1105 1295 1165 vel
1319 1099 1339 1181 ἡ
1362 1103 1523 1183 χρηστότης

240 1206 296 1286 γάρ
320 1199 384 1264 ἐστ’.
409 1206 446 1264 16
471 1205 586 1266 Koelrii
610 1207 800 1267 coniectura
824 1206 907 1267 mibi
931 1207 1083 1281 displicet
1106 1206 1271 1284 νομίμος
1295 1213 1377 1277 νοῦς.

187 1309 248 1369 Fr.
272 1309 347 1368 362.
384 1307 563 1367 Headlam:
600 1298 639 1384 ἧν
669 1307 763 1384 δῆλον
793 1305 831 1368 οὔ
861 1331 889 1367 τι
921 1309 1054 1385 νυμφίος
1086 1309 1121 1369 τί
1145 1305 1281 1384 ἀλφοίνει.
1305 1309 1384 1368 Mire
1408 1309 1521 1368 tamen

241 1411 365 1471 dictum
385 1425 443 1484 pro
463 1407 500 1469 οὐ
520 1408 613 1486 δῆλον
637 1411 720 1481 (sive
744 1408 848 1487 δῆλος)
872 1401 911 1488 ἦν
935 1407 951 1469 ὁ
975 1410 1107 1487 νυμφίος
1127 1411 1155 1470 τί
1174 1409 1310 1486 άλφάνει.
1334 1410 1419 1469 Num
1439 1409 1523 1470 forte

241 1503 280 1589 ἧν
311 1511 403 1588 δῆλον
435 1501 505 1571 οὖν
535 1507 551 1569 ὁ
586 1510 718 1587 νυμφίος
749 1511 786 1570 τί
813 1510 965 1587 diodero?
1002 1513 1133 1575 Habent
1163 1515 1251 1574 enim
1283 1512 1402 1572 Suidae
1431 1511 1521 1572 codd.

241 1609 316 1673 Bll¹
341 1609 407 1672 οάνι
432 1629 490 1687 pro
513 1609 550 1672 oi
574 1635 608 1670 u.
631 1612 731 1674 Plura
753 1614 792 1674 de
816 1629 907 1675 more
930 1615 979 1676 Bl.
1003 1631 1076 1690 pag.
1091 1616 1169 1690 211,
1194 1630 1333 1689 quorum
1353 1613 1434 1672 nibil
1457 1613 1520 1672 sui-

243 1714 324 1791 ficit‚
349 1714 405 1774 sed
430 1717 518 1775 recto
543 1715 625 1775 vidit
648 1715 826 1777 desiderari
850 1716 1038 1778 articulum.

192 1818 248 1876 Fr.
274 1817 348 1884 363,
374 1818 403 1874 6.
427 1814 508 1876 Post
530 1813 694 1894 άνθρατιος
718 1820 859 1894 ponatur
884 1818 1012 1892 virgula
1036 1834 1111 1878 cum
1135 1818 1320 1888 Blaydesio.

194 1921 249 1978 Fr.
274 1920 349 1979 364.
377 1919 404 1978 1.
441 1917 576 1992 supplet
610 1917 757 1979 Meineke
785 1915 936 1982 <οάάὲν>
972 1916 1122 1997 διαφέρει,
1153 1920 1202 1980 Bl.
1234 1917 1271 1978 οὐ
1301 1918 1366 1998 γάρ.
1400 1919 1522 1980 Eodem

243 2021 313 2080 iure
341 2019 448 2093 possis
472 2015 600 2095 οὔκουν,
623 2017 660 2078 οὐ
685 2018 737 2095 δή,
761 2020 838 2095 alia,
864 2021 945 2081 certi
968 2020 1061 2080 nihil.
1086 2054 1128 2062 -
1152 2021 1207 2081 Vs.
1233 2022 1262 2081 3.
1287 2021 1336 2081 Bl.
1361 2019 1402 2092 εἰς
1425 2017 1524 2080 ἑστίαν

242 2115 294 2181 τιν’
321 2137 378 2197 pro
401 2121 581 2181 sanissimo
605 2119 645 2191 εἰς
670 2117 806 2178 ἑστίασιν.
831 2122 878 2182 Ne
901 2137 1056 2196 graecum
1082 2123 1213 2196 quidem
1237 2126 1338 2182 καλεῖν
1361 2121 1402 2193 εἰς
1425 2119 1525 2182 ἑστίαν

243 2223 383 2285 videtur.
415 2222 477 2282 Sed
508 2225 598 2283 recte
621 2223 708 2283 idem
733 2226 844 2284 tuetur
869 2239 917 2284 vs.
942 2226 963 2283 4
987 2223 1062 2300 πρὸς
1085 2222 1140 2300 τὴν
1164 2222 1293 2300 σελήνην
1316 2224 1363 2284 ad
1386 2223 1522 2284 lucem

242 2324 383 2399 lunae,
409 2327 446 2384 ut
469 2321 544 2400 πρὸς
566 2321 619 2382 τὸν
643 2321 746 2401 ἥλιον,
766 2321 799 2382 τὸ
824 2333 889 2400 φῶς
913 2327 974 2385 etc.
1391 2330 1392 2333 ’

197 2428 249 2487 Fr.
276 2429 351 2488 366.
489 2421 504 2484 ὁ
527 2423 611 2503 λιμὸς
635 2423 743 2500 ὑμῶν
766 2424 819 2485 τὸν
842 2423 934 2485 καλὸν
957 2434 1064 2485 τοῦτον
1087 2423 1218 2485 δακὼν

490 2525 673 2586 Φιλιππίδου
696 2525 870 2604 λεπτότερον
894 2524 1043 2600 ἀποδείξει
1069 2526 1208 2606 [νεκρόν1.

243 2628 304 2689 Pro
325 2625 410 2704 ὑμῶν
429 2626 568 2702 Bentley
588 2625 670 2704 ὑμῖν,
688 2627 830 2702 Blaydes
851 2627 919 2688 υἱὸν
940 2630 1092 2705 coniecit,
1113 2632 1147 2690 et
1163 2645 1212 2689 vs.
1227 2630 1245 2688 2
1262 2628 1334 2706 ταχύ
1347 2643 1404 2704 pro
1417 2628 1524 2689 deleto

243 2746 263 2789 a
283 2729 444 2791 ldeinelrio
464 2729 579 2806 νεκρόν,
600 2728 662 2789 Sed
686 2728 836 2790 celeriter
855 2730 886 2791 id
905 2728 976 2790 fleri
995 2746 1060 2791 non
1080 2731 1178 2806 solet,
1195 2745 1295 2804 quare
1307 2729 1422 2790 malim
1434 2729 1525 2805 ποιά,

242 2833 354 2892 nescio
371 2832 484 2891 autern
505 2845 545 2890 an
560 2827 661 2889 δακὼν
674 2845 693 2890 6.
705 2830 848 2890 librariis
861 2831 1033 2893 confusum
1047 2833 1092 2892 sit
1104 2847 1179 2893 cum
1192 2829 1307 2907 δάνῖον,
1320 2833 1340 2891 1.
1355 2846 1382 2892 e.
1396 2828 1526 2907 δάκνων,

243 2934 319 3006 quia
342 2933 454 3007 aptius
478 2934 530 2992 est
553 2931 592 2991 de
615 2931 674 2992 tali
698 2947 732 2992 re
755 2932 966 3008 participium
990 2934 1176 3006 praesentis
1200 2947 1300 3007 quam
1324 2932 1448 2993 aoristi.

198 3035 249 3094 Fr.
274 3035 348 3109 366,
375 3035 405 3093 2.
441 3033 502 3094 Pro
539 3032 675 3092 θανάτου
707 3047 782 3092 cum
813 3033 959 3094 Nauokio
989 3027 1218 3096 1161111112
1251 3037 1380 3110 requiro
1408 3042 1525 3121 ψυχῆς,

242 3135 296 3209 qui
320 3135 375 3196 cit.
400 3135 530 3195 Heracl.
554 3135 593 3195 ir.
621 3135 699 3209 105,
725 3135 884 3210 Antiphil.
910 3135 1010 3197 Anth.
1039 3136 1107 3197 Pal.
1132 3136 1192 3196 VII
1215 3138 1291 3214 623,
1323 3137 1459 3212 Longin.
1484 3137 1524 3197 de

241 3235 372 3296 sublim.
397 3237 450 3310 44,
477 3237 496 3297 9
520 3233 669 3311 aliosque
692 3235 791 3297 loebe.
815 3237 1010 3314 interpretis
1034 3241 1086 3298 est
1109 3236 1256 3299 θανάτου.

200 3337 249 3398 Fr.
274 3338 349 3398 367.
385 3336 431 3397 De
465 3334 578 3398 (lebeti
613 3337 844 3399 observatione
874 3339 1004 3400 Atticos
1034 3355 1098 3401 non
1129 3318 1269 3419 τιτάρτην
1292 3339 1431 3414 dixisse,
1464 3338 1522 3398 sed

244 3437 383 3514 τετράάα,
426 3437 569 3512 Bluydes
611 3439 780 3500 contendit
819 3441 1088 3516 distinguendam
1123 3457 1196 3503 esse
1229 3439 1385 3518 τετάρτην,
1417 3440 1522 3500 diem

245 3538 472 3599 secundum
516 3543 613 3614 post
655 3542 890 3603 crastiuum
927 3546 960 3603 et
1001 3542 1142 3621 τετράδα,
1184 3543 1293 3604 diem
1327 3545 1523 3617 quartum

244 3641 420 3716 mensis,
459 3656 519 3701 nec
549 3641 731 3702 Porsonum
764 3646 797 3703 et
825 3643 1037 3720 Mancinum,
1070 3647 1108 3704 ut
1137 3644 1365 3719 inspersum,
1391 3643 1524 3718 linguae

243 3757 380 3818 graecae
405 3743 472 3802 vim
497 3743 651 3804 intulisse
674 3745 707 3803 in
731 3744 850 3805 lacuna
879 3759 928 3804 ve.
954 3747 973 3804 4
998 3747 1218 3820 proponentes
1242 3743 1282 3817 εἰς
1301 3745 1450 3822 τετάρτην,
1468 3743 1525 3804 sed

243 3841 393 3904 illaturos
417 3844 533 3918 luisse,
559 3843 601 3914 εἰς
624 3844 747 3922 τετράδα
772 3845 800 3904 si
824 3839 1084 3920 proposuissent.
1110 3846 1261 3907 iudicent
1283 3845 1349 3906 alii.

201 3944 250 4004 Fr.
275 3945 589 4020 ercumgotam
614 3948 726 4006 utrum
748 3946 979 4021 explicandum
1005 3951 1094 4008 esset
1120 3951 1181 4019 τοῖς
1205 3954 1367 4027 γαμοῦσιν,
1386 3945 1526 4006 ductu·

245 4047 303 4106 ris
335 4061 524 4122 uxorem,
558 4048 676 4123 quippe
701 4048 898 4124 δαιμονῶσιν,
926 4065 968 4109 66
992 4049 1055 4109 hoc
1077 4065 1135 4124 pro
1159 4048 1216 4108 illo
1240 4048 1523 4122 substituendum,

244 4147 317 4207 coll.
341 4146 428 4208 Plut.
451 4148 528 4208 lior.
553 4149 617 4210 706
631 4149 666 4210 u.
691 4148 775 4211 Illud
798 4149 940 4210 fortasse
964 4149 1224 4225 praeferendum.

203 4247 252 4306 Fr.
277 4248 353 4308 378.
512 4247 642 4320 πολλοὺς
665 4248 882 4327 λογισμοὺς
905 4245 924 4326 ἡ
948 4251 1079 4328 πονηρία
1101 4254 1214 4311 κυκλοῖ.

245 4349 419 4428 Λογισμοὺς
439 4350 580 4411 sortasse
601 4353 690 4411 recte
709 4353 822 4412 tuetur
842 4351 904 4426 Β1.,
926 4352 995 4427 ipse
1014 4352 1086 4412 sine
1106 4367 1208 4412 causa
1227 4351 1397 4424 requirens
1417 4354 1526 4410 κυκλεῖ.

293 4451 663 4510 ΠΕΡΙΚΕΙΡΟΜΕΝΗ.
688 4451 795 4512 Schol.
820 4452 861 4512 ad
884 4452 1015 4513 Terent.
1040 4453 1323 4513 Eunuch.1116:
1348 4451 1527 4512 Videtur

247 4550 474 4612 Detonsam
504 4552 853 4613 Periciromenen
885 4553 1101 4614 Menandri
1130 4566 1312 4628 quagere
1337 4555 1528 4627 (tangere

247 4653 391 4714 correxit
428 4652 682 4728 Umpfeubach),
731 4653 771 4712 iu
809 4668 887 4727 qua
926 4653 1073 4714 fabula
1110 4654 1235 4714 miles
1273 4654 1527 4730 suspicione

247 4767 477 4828 percussus
514 4753 720 4815 adulterii
761 4753 903 4829 gladio
942 4757 1109 4815 amatae
1147 4757 1342 4830 amputat
1373 4755 1527 4816 crines.

249 4853 318 4915 vid.
341 4855 486 4916 Hermae
511 4856 575 4917 vol.
600 4856 631 4915 II
654 4872 685 4931 p.
711 4857 786 4916 344.

206 4954 254 5015 Fr.
277 4956 352 5032 330,
381 4958 408 5016 1.
440 4956 476 5016 16
506 4959 640 5018 textum
671 4960 841 5033 receptam
864 4958 1009 5033 oportuit
1032 4961 1158 5018 certam
1183 4957 1334 5018 Meinekii
1358 4959 1526 5018 correctio·

248 5067 323 5114 nem
349 5051 512 5116 εὔπεισιον.
