3748 5792
849 525 889 590 81

198 720 253 780 Fr.
277 721 331 794 94,
359 721 386 780 1.
410 715 744 789 sacramentalem,
767 716 1045 791 desiderium,
1067 717 1133 777 iam
1154 719 1302 779 continet
1322 717 1526 780 deficientiae

246 823 428 895 notionem,
453 821 564 894 itaque
584 820 692 880 otiosa
715 822 767 880 est
790 819 906 880 Kockii
930 819 1119 880 coniectura
1139 815 1217 878 ἀπὸν
1240 816 1295 896 μὲν
1321 837 1379 896 pro
1399 819 1527 890 ἄπιστος

248 923 325 984 licet
355 922 483 1000 placeat
504 922 694 997 Blaydesio,
731 923 786 997 qui
809 923 879 996 ipse
904 937 954 982 vs,
978 923 997 981 3
1022 924 1110 982 recte
1134 924 1303 997 requirens
1326 921 1526 998 duplicatum

247 1022 287 1096 ὡς
310 1026 397 1086 baud
421 1023 681 1098 improbabiliter
704 1024 857 1099 proponit
879 1019 919 1094 ὡς
943 1019 1053 1100 ἐχθρόν
1076 1039 1133 1099 pro
1158 1027 1308 1100 corrupto
1332 1022 1476 1103 δχθηρόν.

291 1127 400 1186 Botbli
430 1125 681 1201 παροᾶιόρεοοιν
712 1125 833 1184 iniuria
860 1123 1021 1200 probabat
1044 1125 1147 1187 Koclr.
1180 1124 1244 1188 Our
1266 1126 1388 1187 ibidem
1412 1141 1469 1202 pro
1500 1123 1530 1184 τί

246 1228 430 1288 scribamus
454 1225 487 1286 δι’
510 1242 585 1289 cum
610 1226 658 1287 Bi.
684 1228 857 1287 causaest
880 1226 982 1287 nulla.

203 1329 457 1388 1319121102.
483 1327 602 1389 Aesch.
628 1327 706 1386 140
731 1323 860 1404 ἐκάθητο
875 1360 915 1370 -
937 1323 984 1386 ἐπὶ
1007 1335 1060 1388 τοῦ
1090 1326 1272 1389 Ευθνδίιιον
1295 1327 1434 1407 ίατρείοο.
1457 1328 1530 1389 Noli

247 1445 323 1490 cum
350 1430 398 1491 Bi.
429 1430 611 1490 rescribere
635 1425 682 1488 ἐπὶ
705 1437 744 1511 ορ
771 1461 811 1472 -
836 1426 962 1512 ἰατρείῳ.
987 1429 1037 1490 Ita
1060 1429 1193 1504 scripsit
1217 1433 1329 1492 orator
1351 1429 1391 1491 ad
1415 1430 1528 1491 simili·

246 1532 396 1593 tudinem
420 1535 517 1592 notae
541 1529 718 1591 locutionis
741 1529 781 1591 de
805 1530 924 1591 scortis
947 1523 988 1589 διδ
1015 1529 1175 1608 οἰκήματος
1198 1531 1342 1604 καθίζειν.

204 1633 254 1694 ir.
279 1635 332 1694 95.
370 1633 486 1694 Melius
515 1647 615 1707 qnam
647 1633 738 1694 Kock
762 1630 903 1706 Blaydes
935 1630 1112 1703 πουλύπους
1132 1629 1137 1710 Ι
1159 1628 1191 1691 δν
1212 1632 1344 1718 βατανίῳ
1367 1654 1410 1704 τις
1434 1630 1530 1709 ἑφθὸς

254 1726 342 1794 (εὖ)
369 1731 557 1812 τετμημένος.

202 1837 254 1897 Fr.
282 1837 354 1912 100,
380 1837 410 1898 3.
442 1835 709 1913 Quadruplicem‚
741 1836 809 1896 imo
841 1834 1079 1910 quintuplicem
1108 1835 1332 1897 coniecturam
1356 1836 1533 1912 propositis

248 1937 337 1999 addit
364 1938 413 1999 Bl.
437 1954 467 2013 p.
491 1939 564 1998 106.
588 1936 635 1997 οο
656 1940 737 1997 vs.4
759 1936 814 1997 eft.
837 1935 971 2012 Antipir.
993 1935 1041 1995 ΙΙΙ
1062 1938 1105 1997 112
1117 1937 1174 2010 11.;
1198 1935 1337 1997 Philem.
1357 1935 1403 1996 IV
1425 1939 1465 1998 10
1478 1938 1530 2012 Μ.;

250 2038 343 2100 Alex.
369 2041 445 2116 211,
474 2041 489 2100 1
512 2039 553 2100 Κ.

206 2139 256 2200 rr.
284 2141 356 2215 102,
383 2142 412 2200 2.
444 2138 519 2215 πρὸς
549 2143 618 2214 (pro
643 2135 702 2208 καὶ)
735 2140 769 2199 et
792 2135 866 2216 ἔρον
891 2153 945 2198 me
968 2138 1170 2214 probabilius
1193 2139 1316 2215 Naber;
1340 2154 1434 2201 meas
1457 2156 1529 2202 con·

248 2244 392 2302 lecturas
415 2242 516 2303 refert
538 2240 593 2315 Κ.,
619 2239 657 2299 ob
685 2239 813 2315 delens,
845 2240 874 2300 ei
897 2255 1028 2301 mecum
1052 2240 1181 2315 legatur
1203 2238 1304 2320 ψέγεις
1327 2241 1530 2316 (improbabi-

250 2341 357 2404 biliter
380 2339 489 2420 μέμφει
513 2342 584 2412 ΒΙ.).
610 2341 714 2403 Hodie
736 2341 944 2416 scripserim:

471 2440 552 2505 τοντ1
576 2440 633 2523 γὰρ
657 2441 730 2504 αὐτὸ
754 2436 872 2520 πρῶθ’
899 2437 915 2502 ὃ
939 2441 977 2502 σὺ
1000 2439 1138 2522 ψέγεις
1160 2447 1274 2502 παθεῖν

249 2561 306 2621 pro
336 2555 454 2625 πρῶτον
484 2541 500 2606 t
531 2545 568 2605 σὺ
592 2549 687 2616 ποιεῖς
711 2564 742 2604 π.
765 2578 805 2588 -
825 2545 881 2604 Vs.
906 2545 937 2605 4.
961 2543 1010 2605 Bl.
1036 2547 1125 2605 recte
1149 2560 1169 2605 a
1192 2544 1313 2606 Naberi
1343 2546 1532 2606 coniectura

250 2643 377 2720 ἁπαλοῖς
412 2653 522 2724 (quarn
560 2650 687 2723 tamen,
725 2647 876 2708 mirabile
907 2645 1011 2723 dictu,
1045 2647 1189 2721 primum
1221 2646 1443 2722 amplectitur)
1474 2662 1532 2722 pro

249 2752 352 2822 καλοῖς
387 2751 534 2811 defendit
569 2749 754 2825 vulgatam,
794 2751 986 2823 comparato
1017 2748 1187 2810 simillimo
1216 2744 1329 2820 ἁπαλὸς
1358 2746 1409 2808 sel
1443 2750 1531 2822 ιιιλός

250 2850 434 2912 Nausicrat.
460 2851 504 2910 IV
528 2852 611 2925 572;
631 2853 686 2912 dr.
711 2852 787 2924 Lys.
816 2852 917 2924 1063;
943 2849 1033 2912 Oom.
1057 2865 1153 2910 anon.
1178 2847 1223 2910 IV
1246 2851 1323 2912 673.

208 2951 259 3011 Fr.
278 2953 349 3012 103.
370 2949 487 3031 ἄγαλμα
507 2949 690 3031 aeripedem
710 2949 759 3010 καὶ
778 2950 900 3028 γραφὴν
919 2949 985 3028 (ἔχει
998 2950 1049 3011 vel
1062 2948 1145 3028 ἔχεις)
1157 2950 1206 3012 Bl.
1219 2951 1346 3026 reliqua
1357 2953 1459 3029 recte,
1472 2952 1529 3013 sed

250 3052 517 3128 supplementum
542 3054 665 3115 nullius
687 3055 739 3114 est
757 3053 865 3128 pretii.
887 3052 971 3130 Quot
990 3051 1079 3114 enim
1098 3051 1163 3113 alia
1182 3053 1363 3128 excogitari
1382 3053 1528 3129 possint!

207 3153 258 3214 ir.
286 3154 358 3215 104.
494 3151 605 3232 ἀνδρὸς
629 3153 764 3233 διαφέρει
787 3149 862 3215 τοῦτ’
889 3153 974 3235 ἀνήρ·
999 3151 1014 3215 δ
1039 3150 1093 3232 μὲν
1116 3161 1214 3226 κακῶς

494 3253 630 3332 πράττων
653 3255 693 3316 τὸ
716 3259 869 3317 λυποῦν
891 3252 993 3336 ἤγαγ’
1021 3255 1062 3328 είς
1086 3255 1285 3334 παράστασιν,

496 3353 512 3416 δ
536 3353 563 3416 δ’
590 3354 747 3435 ἐμφρόνως
771 3356 930 3436 δεξάμενος
952 3354 1077 3437 ἤνεγκεν
1100 3361 1205 3430 καλῶς.

252 3457 320 3518 Nisi
342 3457 441 3534 torte,
472 3458 556 3532 quod
580 3458 659 3520 olim
683 3459 855 3536 putabam,
881 3459 999 3521 lacuna
1022 3458 1185 3520 sumenda
1207 3462 1259 3520 est
1281 3463 1357 3535 post
1378 3457 1529 3540 πράττων,

251 3559 341 3620 locus
364 3559 413 3620 sic
436 3561 649 3636 corrigendus
672 3560 818 3622 videtur:

407 3659 518 3738 ἀνδρὸς
540 3659 675 3739 διαφέρει
698 3656 773 3721 τοῦτ’
801 3659 886 3740 ἀνήρ.
910 3657 927 3722 δ
951 3657 1006 3738 μὲν
1028 3670 1128 3734 κακῶς

407 3761 545 3838 πράττων
568 3760 642 3822 ὑπὸ
665 3763 792 3840 λύπης
815 3766 884 3833 (aut
907 3760 957 3823 διδι
980 3762 1090 3841 λύπην)
1115 3754 1210 3840 ἦλθεν
1233 3762 1275 3835 είς
1298 3762 1500 3843 παράστασιν,

407 3858 424 3922 δ
448 3857 477 3923 δ’
501 3861 658 3941 ἐμφρόνως
681 3862 847 3940 (εὐφρόνως
856 3867 883 3935 1)
908 3863 1068 3941 δεξάμενος
1091 3861 1215 3943 ἤνεγκεν
1238 3869 1343 3937 καλῶς.

253 3965 388 4026 levir
405 3980 424 4026 a
444 3967 535 4028 viro
555 3965 631 4027 hoo
654 3965 824 4027 differt:
844 3967 967 4043 alter,
989 3965 1171 4028 adversa
1190 3967 1365 4027 fortuna
1385 3969 1527 4043 utens,

254 4066 398 4128 dolore
424 4068 640 4129 delabitur
660 4069 701 4128 in
721 4069 941 4130 vesaniam
965 4074 1002 4140 (s.
1023 4068 1396 4143 desperationem),
1421 4068 1530 4130 alter

254 4169 472 4243 sapienter
503 4169 646 4240 (hilari
681 4169 853 4241 animoli
888 4169 1108 4247 accipiens
1143 4173 1206 4241 (res
1241 4168 1409 4239 adversas)
1444 4169 1530 4231 lert

254 4269 441 4342 pulobre.
1232 4315 1235 4322 .

295 4370 445 4432 Pessime
468 4386 516 4433 vs.
542 4373 561 4432 2
591 4372 729 4448 πράττων
757 4374 791 4434 in
823 4381 946 4451 φρονῶν
978 4374 1086 4432 mutat
1109 4372 1173 4446 Bl.‚
1206 4373 1240 4432 et
1262 4372 1352 4432 male
1375 4372 1528 4434 sollicita·

254 4475 324 4531 111111
348 4474 401 4533 est
418 4471 612 4551 παράστασιν.
636 4474 682 4536 Cf.
706 4475 818 4549 Polyb.
843 4473 871 4534 V
893 4475 946 4550 48,
973 4475 990 4534 i
1023 4469 1097 4532 τιατδι
1124 4469 1178 4549 τὴν
1205 4472 1457 4550 παράστασιν
1480 4471 1557 4533 καί·

254 4570 306 4648 τὴν
338 4569 435 4651 δρμὴν
468 4572 523 4652 τὴν
555 4573 630 4653 πρὸς
665 4574 814 4654 σωτηρίαν
848 4571 1006 4654 ἐρρίπτουν
1037 4572 1161 4645 ἑαυτούς
1192 4571 1234 4646 εἰς
1261 4573 1313 4634 τδν
1339 4571 1474 4652 ποταμόν
1498 4577 1531 4634 01

254 4673 422 4750 11184‚9
457 4673 507 4734 διδι
540 4673 595 4751 τὴν
629 4676 880 4754 παράστασιν
915 4684 981 4753 τῆς
1017 4673 1203 4746 διανοίας
1239 4671 1386 4753 δρμῶντες
1421 4674 1469 4735 ἐπί
1498 4674 1530 4735 τὸ

253 4773 396 4852 νήχεσθαι
427 4775 484 4834 σὺν
506 4782 567 4848 τοῖς
591 4775 693 4848 ὅπλοις
717 4774 925 4856 ἀπεπνίγοντο.
949 4777 1088 4838 Dobrael
1112 4777 1336 4838 coniecturam
1359 4777 1531 4854 περίστασιν

253 4875 332 4937 bene
367 4877 516 4938 refutans
549 4878 640 4939 Koclr
679 4879 781 4940 etiam
818 4879 912 4954 peius
943 4880 1012 4954 ipse
1047 4879 1188 4940 coniecit
1221 4879 1410 4956 μετάστασιν,
1447 4879 1530 4953 quod

253 4977 401 5038 Alexidis
421 4977 460 5040 ir.
486 4979 561 5056 292,
586 4980 641 5042 ubi
664 4985 752 5041 recto
772 4981 922 5040 additum
942 4983 996 5040 est
1013 4987 1066 5040 τοῦ
1086 4983 1226 5058 φρονεῖν,
1247 4996 1312 5042 non
1335 4980 1530 5041 defenditur.

253 5077 392 5140 Omnino
415 5079 648 5142 conferendum
671 5082 872 5158 Antiphanis
894 5081 924 5142 fr
948 5081 1028 5143 295:

1410 5187 1424 5230 e
