3718 5788
765 1551 1071 1636 ADDENDA.

823 1821 1010 1830 ψ.-

257 1997 430 2080 Magnetis
453 2002 491 2063 ir.
519 2005 547 2064 1.
581 2000 641 2080 ἤδη
675 1999 815 2066 τεθέασαι
839 2025 894 2076 -;
929 2003 978 2065 Bi.
1010 2004 1065 2064 cit.
1099 2005 1153 2063 Ar.
1186 2001 1267 2062 Nub.
1293 2002 1357 2061 370
1367 2019 1374 2074 ;
1398 1947 1578 2077 nHermippi

300 2103 338 2164 fr.
364 2105 417 2164 36.

257 2249 394 2318 Cratini
418 2255 457 2315 fr.
482 2257 534 2316 54.
559 2254 656 2334 μάτην
678 2271 736 2331 pro
760 2253 854 2332 μόνον
878 2256 926 2316 Bi.

257 2355 307 2416 Fr.
332 2356 385 2416 76.
409 2356 499 2416 Idem
530 2365 565 2440 cp
588 2388 626 2398 —
646 2357 749 2440 βουλῇ.
780 2357 859 2417 Mihi
890 2372 954 2418 non
986 2356 1136 2432 displicet
1164 2356 1280 2416 Kockii
1307 2355 1495 2432 explicatio,
1521 2356 1577 2418 sed

301 2457 339 2516 de
363 2456 571 2531 paucissimis
596 2456 703 2518 verbis
726 2457 772 2519 nil
796 2458 877 2518 certi
900 2457 1003 2519 statui
1025 2459 1144 2533 potest.

257 2557 308 2617 Fr.
332 2559 385 2635 96,
409 2559 458 2620 Bl.
481 2559 549 2618 ludi
580 2561 676 2635 putat
700 2561 734 2620 in
757 2559 877 2634 duplici
901 2560 933 2619 vi
956 2559 1060 2620 subst.
1084 2555 1207 2638 ἆμοργίς
1231 2554 1328 2636 (χιτὼν
1351 2553 1522 2636 ἆμόργινος)
1545 2561 1580 2618 ei·

300 2658 496 2740 ὑποστάθμη,
523 2660 825 2738 sedimeutum‚
851 2662 884 2722 et
907 2661 940 2721 in
966 2660 1073 2722 verbis
1096 2656 1185 2736 ἠθεῖν
1209 2662 1242 2720 et
1265 2659 1383 2736 νήθεια.
1406 2660 1450 2720 At
1473 2661 1579 2721 forma

301 2760 423 2839 νήθεια,
453 2762 607 2838 quamvis
636 2763 757 2823 tradita
787 2763 887 2823 etiam
920 2762 1003 2823 Plat.
1035 2763 1130 2823 Poiit.
1160 2760 1273 2837 2890,
1306 2777 1364 2836 pro
1395 2762 1578 2835 antiquiore

304 2871 359 2939 νῆα
382 2865 567 2938 suspicione
590 2879 655 2924 non
680 2867 780 2924 caret.

260 2965 309 3026 Fr.
335 2966 387 3040 79,
413 2966 442 3026 2.
474 2965 555 3026 Cum
580 2965 628 3024 Bi.
654 2964 764 3026 nescio
787 2979 830 3025 an
853 2965 1082 3040 corrigendum
1106 2966 1149 3025 sit
1173 2960 1264 3024 οὐδέν
1287 2980 1344 3040 pro
1368 2960 1471 3046 μηδὲν,
1494 2951 1578 3038 quon

302 3066 441 3129 vitiosae
463 3067 652 3141 sequiorum
675 3066 823 3148 συνηθείᾳ
847 3066 954 3127 deberi
978 3067 1117 3127 videtur.
1143 3066 1203 3126 Sed
1228 3081 1302 3126 cum
1326 3066 1440 3127 eodem
1460 3081 1578 3139 neque·

301 3183 399 3242 quarn
430 3168 578 3244 praefero
608 3168 829 3228 masculinum
860 3161 969 3244 οὐδέν’,
992 3168 1076 3242 quod
1099 3169 1171 3243 ipsa
1193 3167 1360 3228 sententia
1383 3169 1483 3228 vetat.
1508 3167 1578 3227 Non

301 3270 389 3329 enim
414 3284 490 3330 vere
510 3270 572 3330 dici
595 3270 701 3346 potuit
720 3271 889 3330 neminem
908 3271 979 3330 tam
999 3269 1140 3329 stultum
1161 3284 1234 3330 esse
1264 3271 1301 3330 ut
1321 3271 1424 3346 amet,
1446 3269 1478 3328 id
1494 3270 1578 3343 quod

302 3371 396 3443 pauci
426 3370 578 3433 homines
607 3386 672 3431 non
703 3371 840 3446 faciunt,
873 3371 930 3431 sed
961 3371 1016 3444 qni
1039 3370 1183 3443 loquitur
1206 3370 1373 3430 contendit
1397 3384 1466 3430 rem
1491 3370 1579 3431 stoli·

303 3472 378 3532 dam
402 3474 436 3533 et
459 3487 581 3533 vanam
613 3488 687 3533 esse
712 3488 870 3534 amorem.
896 3473 1068 3534 Praeterea
1091 3473 1213 3533 nudum
1237 3470 1323 3543 κενός
1346 3472 1409 3532 dici
1433 3472 1518 3533 solet
1540 3473 1579 3533 de

304 3573 398 3634 rebus
420 3573 651 3650 potiusquam
675 3575 714 3635 de
737 3576 897 3651 personis.

262 3673 311 3735 Fr.
338 3677 409 3736 105.
442 3675 564 3737 Vereor
593 3692 635 3737 ne
664 3677 901 3751 grammaticos
931 3677 1085 3737 fefellerit
1112 3675 1276 3751 scriptura
1300 3673 1454 3734 ordene
1475 3676 1579 3745 (deno-

304 3779 378 3837 tans
397 3769 490 3837 οἶσθά
512 3771 541 3836 α’
568 3793 633 3838 non
657 3770 790 3854 οἶσθας),
816 3777 947 3839 Cratino
971 3778 1155 3838 tribuentes
1178 3778 1319 3839 formam
1344 3768 1452 3848 οἶσθας
1474 3793 1579 3838 novae

304 3879 489 3940 comoediae
511 3880 686 3956 propriam.

263 3977 311 4040 Fr.
337 3980 409 4056 108,
431 3981 461 4041 3.
485 3982 648 4042 Athenaei
671 3981 773 4043 codex
796 3981 895 4043 habet
919 3975 1096 4057 taediove,
1120 3995 1263 4056 proquo
1287 3982 1417 4055 recepta
1436 3983 1488 4040 est
1506 3980 1579 4041 Val-

302 4082 463 4144 ckenaerii
478 4084 636 4144 correctio
649 4077 802 4156 taarovc’.
815 4080 1274 4168 Atjrequiriturtnpdiovcaut
1285 4075 1437 4166 ἕπῴζουσ,
1449 4083 1525 4157 quia
1537 4099 1579 4144 ex

305 4181 364 4266 ᾠόν
396 4184 509 4245 debuit
529 4185 666 4246 formari
690 4190 747 4246 aut
770 4183 913 4270 ἐπῳάζειν
936 4188 994 4247 aut
1018 4183 1152 4258 ἐοαοΐζειο
1176 4186 1209 4246 et
1232 4184 1455 4245 contractione
1478 4185 1581 4244 attica

304 4282 433 4370 ἐπῴζειο.
446 4285 567 4347 Contra
579 4285 663 4358 ὥζειν
674 4289 726 4348 est
738 4286 874 4348 verbum
889 4289 1051 4348 comicum
1064 4285 1255 4361 significans
1274 4287 1306 4346 oi
1329 4285 1364 4346 ci
1374 4300 1435 4345 am
1445 4299 1522 4345 are.
1538 4319 1578 4326 -

303 4386 444 4462 Blaydes
478 4391 592 4449 monet
622 4389 832 4464 Lentingium
862 4390 903 4450 ed
934 4389 1091 4451 Androm.
1123 4389 1164 4448 84
1196 4387 1405 4463 proposuisse
1436 4383 1484 4445 ἐπὶ
1506 4381 1577 4469 τῷδ’

305 4483 469 4561 ἒπωάζουσ“
507 4485 545 4548 iiv
580 4486 733 4568 ἐκλέψαις,
768 4494 825 4553 aut
859 4487 907 4550 ἐπὶ
936 4485 1005 4574 τῷδ’
1040 4483 1161 4566 indae,
1192 4486 1232 4560 ὡς
1262 4483 1300 4546 dv
1324 4484 1465 4571 ἐκλέψῃς,
1495 4488 1580 4562 quod

304 4591 455 4666 equidem
478 4591 707 4669 praetulerim,
732 4593 830 4654 modo
853 4593 982 4668 legatur
1004 4587 1121 4674 ἕπῴαξ.

262 4690 311 4752 Fr.
338 4694 411 4768 109,
437 4694 467 4755 3.
491 4693 810 4773 μῆλα-σισύμβρια.
832 4694 881 4755 Bl.
906 4695 960 4756 eft.
985 4695 1024 4754 fr.
1049 4695 1124 4754 239.

262 4791 312 4854 Fr.
338 4795 412 4854 122.
436 4791 493 4854 οὖα
516 4786 575 4854 οἷδ’
591 4791 712 4856 -0dd’
747 4793 917 4874 ἐπίσταμαι,
947 4810 1123 4872 prorsus
1154 4795 1313 4870 nescio,
1338 4796 1417 4855 nota
1439 4793 1582 4856 formula

304 4896 416 4956 attica.
450 4894 588 4958 Temere
618 4896 667 4958 Bl.
699 4893 771 4958 οὐδὲ
802 4895 959 4975 μουσικήν.
992 4896 1150 4958 Similiter
1178 4896 1287 4957 Latini
1317 4909 1452 4970 neque
1482 4895 1581 4956 novi

305 5011 437 5072 neque
460 4997 564 5074 scio,
590 5014 620 5060 v.
646 5013 671 5059 c.
698 4998 804 5059 Plaut.
829 4999 947 5060 Pseud.
976 4998 1070 5058 1212.

1448 5103 1474 5147 ru
