3778 5796
859 526 902 591 49

215 713 271 777 Fr.
297 713 380 777 668.
395 714 482 794 Lege
505 714 633 797 ηὕρηκα.

215 817 270 879 Fr.
295 819 371 880 671.
738 813 947 898 Ἐξηκεστίδης
971 818 1046 899 ἔχων
1069 820 1180 899 λύραν,

262 987 265 992 Δ
451 917 539 1000 ἔργον
559 917 715 998 Εὐδόξου,
738 920 909 981 τιταίνει
930 920 1071 1001 ψιθορδν
1094 921 1194 1002 εὐήθη
1219 923 1322 1002 νόμον.

263 1021 391 1082 Miraris
413 1023 552 1084 verbum
574 1023 705 1098 epicum
728 1021 877 1083 τιταίνειν.
899 1023 987 1084 Num
1010 1023 1074 1086 fuit

452 1121 540 1205 ἔργον
565 1123 705 1196 Εὐδόξου
729 1145 778 1201 τι,
800 1123 947 1185 velvet?

262 1225 306 1286 At
336 1225 464 1287 obverti
493 1226 600 1302 possit
635 1241 816 1300 pronomen
847 1227 1069 1301 impersonale
1099 1229 1288 1290 huiusmodi
1322 1230 1544 1293 locutionibus

262 1326 337 1387 addi
370 1342 435 1389 non
470 1329 589 1404 solere,
626 1341 688 1388 neo
721 1327 865 1403 simplex
901 1327 1022 1406 τείνειν,
1055 1329 1113 1390 sed
1148 1331 1370 1406 compositum
1405 1329 1546 1394 ἐντείνειν

261 1429 362 1489 attice
384 1429 434 1490 sie
456 1429 618 1504 usurpari.
638 1429 796 1505 Apprime
813 1430 959 1506 placeret
981 1429 1088 1510 tapsi
1094 1450 1167 1508 νει,
1190 1432 1219 1491 si
1238 1433 1271 1493 in
1292 1434 1462 1494 comoedia
1484 1435 1547 1496 hoo

262 1530 400 1592 verbum
424 1531 560 1594 obvium
582 1530 687 1593 fieret.
1182 1519 1191 1533 ’

216 1631 271 1693 Fr.
296 1633 372 1694 672.
429 1627 462 1705 ὃς
485 1631 521 1692 τδι
543 1629 598 1710 μὲν
621 1631 755 1711 ἀφανῆ
778 1644 920 1717 μεριμνᾷ,
942 1631 979 1693 τὰ
1002 1629 1034 1694 δὲ
1057 1639 1238 1713 χαμᾶθεν
1262 1632 1365 1696 ἐσθίει.

262 1733 398 1809 Propter
416 1735 605 1811 oppositum
623 1738 759 1814 χαμᾶθεν
772 1735 887 1797 monui
905 1736 985 1796 olim
1006 1735 1089 1807 (coll.
1110 1736 1223 1812 liupol.
1241 1737 1303 1798 14e
1316 1737 1358 1808 b.)
1378 1739 1546 1813 expectari

263 1831 427 1912 δνέιιας,
457 1837 477 1896 l.
495 1852 522 1897 e.
555 1834 591 1897 τὰ
621 1833 759 1915 μετέωρα.
792 1837 853 1897 Per
883 1852 920 1898 se
944 1837 1076 1911 quidem
1100 1833 1204 1914 ἀφανῆ
1227 1839 1352 1915 optime
1375 1854 1411 1900 se
1435 1840 1545 1908 habet.

262 1935 405 2011 Blaydes
421 1937 477 1998 eit.
498 1937 596 2013 Soph.
620 1937 660 1999 ir.
681 1939 765 2012 6713
789 1938 865 1998 Eur.
888 1938 929 1999 ir.
955 1939 1020 1999 808
1045 1941 1079 1999 et
1103 1939 1186 2012 905;
1211 1940 1349 2000 Monost.
1378 1941 1437 2015 18;
1461 1941 1546 2002 Plat.

262 2037 398 2099 'I'heaet
426 2039 489 2098 174
513 2039 557 2112 A;
581 2038 673 2100 Koclr
696 2039 810 2114 Eupol.
838 2041 914 2114 146,
947 2041 1002 2114 qni
1025 2042 1139 2100 tamen
1162 2039 1226 2100 loci
1250 2055 1329 2101 num
1355 2041 1443 2101 hono
1464 2042 1549 2103 satis

263 2141 420 2201 tueantur
431 2140 527 2201 valde
539 2140 663 2202 dubito.
676 2140 860 2202 Genuinam
873 2141 1015 2202 formam
1029 2141 1167 2202 atticam
1180 2145 1329 2220 χαμαῖθεν
1341 2142 1431 2203 ducit
1443 2143 1548 2204 Blass.

213 2241 272 2302 Fr.
296 2242 372 2303 678.
393 2241 443 2302 Bl.
474 2237 542 2318 ἐμοί
569 2262 601 2320 γε
632 2245 687 2312 (τοι
717 2241 766 2312 Κ.)
798 2250 856 2314 ιτᾶς
886 2238 1069 2320 ἀνίμριιτται.
1101 2242 1161 2318 Qui
1192 2243 1288 2304 Add.
1312 2259 1343 2318 p.
1368 2245 1433 2304 819
1452 2247 1546 2306 lecte

265 2343 504 2405 animadvertit
539 2344 643 2420 „Ergo
677 2343 863 2418 antiquitus
897 2343 988 2405 aleas
1018 2359 1153 2405 sursum
1184 2344 1365 2422 iactabant,
1397 2360 1477 2423 nen,
1510 2348 1547 2407 ut

265 2460 340 2522 nos,
365 2446 555 2507 deorsum.”

215 2547 273 2607 Fr.
298 2548 373 2623 675,
402 2549 430 2608 1.
454 2546 504 2608 Bl.
529 2547 584 2607 cst.
608 2546 723 2608 liubul.
748 2547 1000 2623 111261,262;
1026 2547 1108 2610 lien.
1130 2546 1174 2606 IV
1198 2548 1270 2608 179.
1291 2549 1390 2609 Miror
1408 2551 1441 2610 et
1459 2549 1546 2610 hunc

265 2650 299 2710 et
332 2647 496 2710 Koolrium
530 2649 717 2725 neglexisse
751 2650 806 2710 Ar.
841 2647 926 2710 ilool.
963 2649 1037 2709 652.
1070 2681 1110 2692 ·-
1143 2648 1199 2708 Vs.
1235 2649 1254 2708 2
1289 2664 1337 2723 sq.
1374 2649 1545 2726 Quondam

265 2733 435 2827 proposui:

553 2849 601 2912 ἔστί
623 2849 656 2911 τὸ
680 2851 805 2914 δεῖπνον
829 2845 857 2911 δ’
885 2847 901 2911 δ
924 2849 1040 2930 χορὸς
1072 2845 1187 2929 ἤδηιί

555 2948 571 3012 δ
594 2951 832 3032 φιλοτήσιος
855 2956 977 3013 καλεῖ.

265 3068 323 3130 pro
346 3050 386 3126 ὡς
409 3049 470 3132 ἤδη
493 3057 581 3115 καλεῖ
597 3047 625 3132 μ’
648 3048 653 3135 Ι
674 3050 691 3116 δ
713 3078 738 3134 χ.
762 3050 779 3115 δ
802 3058 863 3132 φιλ.

215 3155 273 3216 Fr.
298 3155 374 3218 678.
419 3153 516 3219 πολλὰ
537 3153 653 3217 τοιαυτί
675 3153 727 3216 καί
749 3155 866 3218 τοιαυτί
887 3154 953 3216 καί
977 3156 1095 3235 δεῦρο
1120 3155 1359 3235 σχηματίσαντες.

264 3257 314 3319 Bl.
338 3259 371 3319 in
395 3259 445 3320 ed.
469 3273 530 3319 sua
551 3275 582 3334 p.
607 3259 673 3320 304
697 3260 866 3335 proposuit
889 3259 1047 3320 audaoter

419 3359 515 3422 πολλὰ
537 3357 651 3421 τοιαυτί
674 3360 809 3440 σχήματα
832 3358 915 3439 δευρί
937 3357 1054 3420 κάκεῖσε
1078 3359 1318 3440 σχηματίσαντες.

266 3461 328 3522 Sed
360 3465 430 3523 tam
459 3461 606 3523 violenta
636 3462 793 3524 eorrectio
824 3461 951 3523 nullam
980 3462 1081 3523 habet
1103 3461 1323 3542 πειθανάμιην.
1347 3462 1427 3522 Vitii
1449 3462 1546 3523 sedes

266 3565 320 3624 est
350 3561 414 3622 καὶ
445 3563 579 3644 δεῦρο,
608 3564 694 3626 unde
717 3565 884 3640 quondam
914 3564 1012 3626 elicui
1047 3558 1129 3624 αὕθ’
1157 3562 1218 3636 (καί
1240 3558 1297 3636 ἔθ’)
1329 3561 1447 3642 ἕτερα.
1470 3564 1545 3625 Alia

265 3665 373 3726 suasit
394 3665 510 3727 Kaibel
535 3680 585 3741 ap.
610 3665 649 3726 Κ.
674 3667 775 3743 111p.
801 3667 875 3728 723.

216 3766 273 3826 Fr.
298 3766 373 3828 682.
419 3760 456 3827 ἵν’
482 3763 646 3850 δπαηλαίση
670 3765 703 3828 τὸ
726 3766 913 3845 παίημάτιον
936 3763 986 3826 καί
1010 3764 1050 3844 μὴ
1074 3765 1190 3846 βήττοτν
1212 3765 1422 3850 τατατιίνη.

264 3867 472 3929 Tussiens
495 3883 559 3942 quo
581 3871 677 3943 paeto
701 3869 775 3944 quis
797 3869 904 3944 possit
926 3868 1036 3930 cibum
1060 3868 1311 3947 degluttire,
1337 3869 1470 3929 omnino
1490 3881 1544 3927 me

265 3969 357 4032 latet.
383 3969 448 4030 Vix
471 3969 585 4032 dubito
609 3971 687 4044 quin
713 3974 812 4048 poeta
834 3971 1003 4046 scripserit

847 4070 898 4132 nol
921 4070 962 4149 μὴ
985 4070 1101 4151 βήττειν
1125 4093 1165 4150 γε
1189 4069 1322 4154 μιάνη,

265 4187 369 4234 nere
392 4172 615 4234 tussiendo
639 4174 846 4248 inquinet.

218 4274 273 4335 Fr.
298 4275 374 4336 688.
396 4273 565 4355 ιιίηναντες,
587 4276 626 4334 ut
648 4271 818 4354 ἕγιιιρνᾶσιν
843 4275 927 4336 Eecl.
953 4275 1016 4335 841
1042 4274 1124 4345 (Bi).

218 4375 273 4436 Fr.
298 4377 374 4438 686.
620 4374 673 4437 τὸν
696 4375 849 4458 σαπέρδην
872 4375 1011 4437 ἀποτῖλαι
1034 4375 1089 4456 χρὴ

621 4471 682 4561 κᾷτ’
708 4476 855 4540 {arrideat
876 4475 941 4538 καὶ
964 4477 1191 4538 διαπλῦναι.

265 4577 386 4640 Vereor
408 4593 449 4640 ne
472 4578 628 4640 ultimum
652 4581 789 4642 verbum
811 4595 830 4642 e
853 4595 1045 4656 praegresso
1064 4580 1172 4641 labem
1192 4580 1345 4657 traxerit,
1371 4595 1436 4640 non
1460 4583 1545 4654 quod

264 4694 428 4755 nusquam
458 4681 535 4743 alibi
564 4682 628 4743 hoc
658 4682 881 4757 compositum
912 4681 1074 4757 reperitur
1104 4680 1155 4751 (cf.
1187 4679 1355 4757 διανίζειν),
1387 4681 1446 4742 sed
1469 4681 1547 4756 quia

264 4784 341 4858 post
370 4778 514 4842 ἕααίσναι
542 4798 660 4858 parum
691 4793 743 4844 est
773 4782 995 4844 commodum.
1028 4781 1109 4858 Quid
1139 4785 1254 4844 tamen
1276 4781 1545 4843 substituendum

267 4884 313 4945 sit
335 4884 458 4960 ignoro.
483 4884 626 4946 Ariolari
650 4902 679 4946 v.
705 4900 731 4945 o.
756 4885 864 4961 possis
887 4881 1027 4963 χάίσίν
1049 4892 1205 4962 σμησαι.

220 4985 274 5048 Fr.
299 4986 374 5047 687.
399 4985 446 5047 (li.
471 4987 623 5048 Mnesim.
648 4987 696 5048 ili
721 4989 785 5049 569
810 4988 851 5049 Μ.
876 4987 958 5058 (BL).

220 5089 273 5150 Fr.
298 5089 374 5149 697.
410 5087 550 5151 Beklreri
580 5089 805 5150 coniecturam
836 5085 975 5166 ἐμόλετον
1005 5104 1063 5164 pro
1094 5084 1209 5165 ἐμόλετε
1231 5089 1351 5150 merito
1382 5087 1547 5162 improbat

1426 5194 1440 5236 ι
