3778 5796
979 474 1021 534 38

385 653 426 713 lis
449 655 610 730 serendis,
635 655 742 730 qualis
765 657 1019 732 praepositionis
1044 656 1094 716 vis
1117 657 1169 716 est
1192 657 1226 715 in
1246 655 1429 735 διατιθέναι,
1447 657 1665 733 διασκευάζειν,

384 755 621 830 similibusque.
645 757 782 818 Frustra
802 758 894 818 Koolr
920 755 1015 818 Εάιε
1038 757 1235 834 φονεύσομεν,
1257 758 1343 832 quod
1367 760 1487 821 merito
1510 759 1663 835 displicet

386 855 488 917 stiam
511 857 699 939 Biaydesio,
723 859 778 932 qui
800 859 919 920 melius
942 859 1063 944 saltem
1094 849 1136 918 εὖ
1160 857 1261 934 μάλα
1284 861 1465 936 proposuit.

342 957 394 1017 Fr.
421 957 566 1019 11531.
591 958 674 1028 (ooli.
699 959 774 1020 Heo.
798 959 1014 1038 μελετητήριον·
1040 952 1121 1031 οἶκος
1144 955 1164 1038 ἢ
1185 955 1314 1040 ὄργανον
1347 963 1421 1034 [boo
1451 976 1553 1023 sensu
1576 961 1663 1020 Ana·

387 1058 503 1120 xandr.
530 1059 578 1119 III
606 1061 669 1121 168
695 1059 727 1121 ἐν
750 1055 773 1144 ᾧ
796 1085 839 1134 τις
862 1065 976 1145 μελετᾷ]
1003 1062 1189 1136 suspicatur
1208 1059 1240 1121 ἐν
1262 1071 1301 1145 τῷ
1329 1071 1387 1122 τῶν
1414 1067 1577 1140 peremtas
1603 1063 1663 1122 aut-

387 1155 419 1217 ἒν
449 1168 488 1242 τῷ
516 1161 718 1248 μελετητηρίρι.
742 1166 786 1224 At
805 1163 940 1225 obstant
966 1158 1076 1226 Photii
1105 1166 1139 1223 et
1162 1162 1320 1238 Hesychii
1343 1163 1394 1234 (cf.
1420 1164 1483 1224 BA
1507 1165 1580 1238 281,
1607 1163 1663 1232 25)

386 1258 526 1334 glossae.

342 1361 394 1421 Fr.
422 1364 494 1423 117.
518 1363 619 1424 Recte
642 1364 690 1425 Bl.
715 1361 837 1444 ἀγαθήν
859 1387 892 1446 γε
914 1364 1086 1426 κώδειαν
1116 1361 1276 1442 <λὲγεις>.

343 1461 394 1523 Fr.
422 1464 494 1524 128.
519 1464 611 1525 Idem
635 1466 690 1527 eit.
716 1467 811 1528 Hero.
836 1467 899 1527 voi.
925 1466 984 1528 ool.
1009 1466 1066 1527 alt.
1091 1465 1151 1524 VII
1174 1464 1196 1526 i.
1221 1466 1264 1526 94
1288 1463 1320 1526 τὸ
1343 1470 1483 1546 παρεῖναι
1505 1465 1662 1543 καμπύλας

386 1562 549 1643 βακτηρίας
571 1563 693 1643 ἔχοντας
715 1569 892 1648 πρεσβύτας.

343 1664 394 1725 Fr.
422 1666 493 1742 129,
519 1666 549 1726 2.
584 1664 683 1746 βλέτιιο
706 1670 930 1731 incertissima
953 1669 1144 1731 coniectura
1166 1668 1297 1744 supplet
1321 1669 1384 1746 BL,
1417 1672 1450 1730 et
1480 1665 1519 1730 fr.
1549 1669 1621 1743 131,
1643 1669 1662 1726 2

387 1766 458 1827 Sine
482 1783 582 1829 081188
610 1772 719 1832 teniat
748 1777 839 1851 θρῖον
870 1769 1034 1852 ἐγκεφάλου
1064 1766 1248 1850 κώριγάνοα,
1271 1771 1325 1830 ubi
1356 1771 1440 1831 scire
1463 1771 1563 1832 velim
1586 1769 1664 1844 quid

387 1868 431 1928 sit
458 1873 549 1948 θρῖον
572 1867 724 1951 ὀριγάνου.

343 1969 394 2030 Fr.
422 1971 494 2046 131,
520 1972 550 2033 2.
573 1971 806 2053 ιιροσιιρέμαται,
832 1971 955 2048 (ξένε)
982 1973 1035 2035 vel
1058 1967 1267 2054 προσκρέμαά,
1289 1965 1342 2037 (ὦ
1366 1969 1458 2046 ξένε)
1482 1975 1550 2035 iam
1574 1976 1663 2036 ante·

388 2070 450 2132 bac
472 2076 634 2148 proposui.

344 2172 395 2233 Fr.
423 2174 495 2234 130.
520 2172 654 2237 correxi
676 2178 755 2239 olim
780 2177 973 2250 διανίζειν
996 2193 1054 2253 pro
1078 2175 1237 2254 δανείζειν,
1260 2178 1346 2251 quod
1369 2177 1409 2238 de
1431 2177 1503 2238 sola
1528 2175 1666 2252 pecunia

388 2278 576 2350 usurpatur.

344 2374 395 2435 Fr.
423 2377 496 2452 141,
524 2380 551 2440 1.
586 2380 633 2441 De
667 2380 849 2442 choriambi
885 2381 951 2442 arsi
985 2380 1096 2442 soluta
1130 2381 1164 2440 in
1195 2380 1256 2442 boo
1286 2381 1394 2440 metro
1423 2379 1577 2439 dubitans
1607 2392 1666 2452 pro

388 2473 496 2556 πότερα
528 2482 693 2553 quondam
727 2483 856 2543 tentavi
886 2481 986 2560 τιάτερ.
1018 2482 1127 2542 Minus
1156 2481 1241 2542 lenis
1266 2481 1410 2541 mutatio
1432 2479 1518 2541 foret
1540 2477 1667 2555 φράσον.

389 2577 494 2640 Ηοσίο
524 2583 607 2644 nihil
638 2584 842 2645 novaverim.
867 2617 906 2625 -
934 2583 989 2643 Vs.
1023 2584 1053 2644 2.
1084 2583 1136 2644 Ao
1159 2580 1178 2661 ἢ
1203 2582 1240 2642 ob
1271 2582 1319 2643 Bi.
1345 2581 1384 2642 oi.
1409 2581 1545 2642 Theoor.
1569 2579 1666 2640 1134

391 2674 411 2757 ἢ
434 2679 469 2740 τά
493 2704 540 2759 γα.

346 2780 396 2841 Fr.
424 2782 497 2858 149,
526 2786 576 2846 11.
601 2785 649 2846 81.
674 2787 804 2861 praeter
838 2785 894 2859 aq.
929 2786 1014 2846 1244
1045 2785 1100 2846 cit.
1136 2784 1274 2860 Lysistr.
1310 2786 1362 2844 31.
1394 2784 1432 2844 In
1464 2799 1513 2844 vs.
1540 2784 1579 2843 12
1607 2782 1668 2844 ior·

391 2883 481 2944 tasse
503 2888 592 2946 recte
616 2887 756 2948 oouieoit
778 2883 817 2964 ἢν
840 2885 934 2957 πολὺς
961 2890 1047 2956 (cum
1071 2886 1221 2961 Bergkio)
1243 2883 1388 2967 κατέλθῃ.
1413 2883 1538 2945 Afferre
1558 2885 1669 2958 potue·

391 2985 443 3043 rat
476 2985 684 3048 Pherecratio
718 2988 756 3048 ir.
790 2989 842 3063 51,
868 2988 888 3047 2
918 2986 1054 3066 χαράδρα
1084 2987 1295 3063 κατελήλνθεν.
1326 2987 1364 3046 In
1395 3001 1444 3046 vs.
1474 2986 1508 3062 2,
1540 2984 1670 3045 collatis

390 3085 507 3146 multis
530 3087 625 3165 locis,
650 3089 737 3150 idem
761 3090 914 3164 proponit
937 3093 977 3164 (p.
999 3090 1064 3149 300
1088 3093 1146 3162 sq.)
1169 3085 1222 3147 ἕνα
1238 3081 1353 3151 <τιν’>
1376 3081 1425 3164 ἀφ’
1448 3084 1571 3163 ἑκάστης
1592 3087 1667 3162 [τῆς]

391 3183 500 3265 τέχνης.
532 3189 582 3250 Ad
612 3205 661 3251 vs.
687 3191 706 3250 8
739 3192 854 3251 monet
884 3191 1041 3251 similiter
1067 3191 1204 3265 Eupoliu
1236 3187 1268 3249 έν
1299 3189 1414 3266 Δήμοις
1438 3188 1538 3249 duces
1561 3189 1595 3248 et
1617 3187 1669 3247 ‹ie-

392 3304 551 3366 magogos
574 3291 613 3351 ab
636 3291 752 3352 inieris
776 3307 818 3352 ex
841 3293 965 3352 terram
989 3295 1162 3353 revocatos
1185 3292 1366 3352 induxisse.

348 3389 399 3450 Fr.
426 3391 689 3467 152.1ιοςοιὶοι;

569 3491 631 3553 τότε
654 3489 709 3570 μὲν
737 3492 834 3574 <γὰρ,
857 3485 880 3553 ὦ
903 3503 994 3571 τᾶν,>
1025 3511 1080 3555 σον
1104 3493 1348 3572 κατεκοιτάβιζον
1371 3490 1424 3570 άν,

569 3591 639 3654 vovi
663 3591 696 3654 ii
725 3593 837 3655 <aab
867 3603 1042 3674 κατεμοσσι,
1065 3595 1138 3674 τάχα
1162 3589 1189 3656 δ’
1217 3587 1250 3656 εὖ
1275 3588 1332 3656 oii’
1360 3593 1403 3654 ὅτι

570 3693 620 3754 καὶ
641 3704 887 3774 καταγεσοῦνται
909 3701 977 3771 (pro
1000 3693 1231 3776 καταχέσονται).

348 3796 399 3856 Fr.
427 3797 499 3856 154.
524 3796 570 3858 Bl.
606 3797 662 3858 oft.
698 3798 780 3859 Plai.
816 3798 912 3874 Resp.
944 3798 959 3857 I
992 3799 1108 3860 3524
1140 3797 1254 3877 εὐωχοῦ
1285 3806 1338 3858 εοσ
1370 3795 1478 3876 λόγον,
1507 3797 1671 3872 Theophr.

394 3896 488 3958 Obar.
521 3898 541 3958 8
576 3897 737 3976 εὐαχήσειν
770 3907 883 3958 καινάν
919 3901 1030 3979 λόγων,
1064 3915 1129 3960 uon
1163 3901 1235 3961 sine
1270 3913 1371 3960 eausa
1405 3898 1458 3958 bic
1492 3900 1673 3973 expectans

393 4002 455 4069 ταῖς
478 3997 655 4082 μονῳδίαις,
678 3999 750 4060 coll.
774 4001 928 4075 Amphio.
954 4003 995 4061 28
1016 4004 1048 4062 et
1069 4001 1183 4061 Eubul.
1204 4000 1373 4062 11120511
1392 3999 1474 4070 (add.
1496 3999 1671 4069 Ροο.139).

394 4099 428 4158 81
458 4103 547 4160 recte
577 4116 614 4161 se
644 4101 743 4163 babet
773 4103 960 4180 genetivus,
994 4103 1130 4163 verbum
1160 4103 1312 4181 χορτάζειν
1336 4103 1367 4162 b.
1391 4101 1412 4162 i.
1444 4101 1592 4174 sequitur
1617 4107 1673 4159 τοῦ

394 4198 597 4277 ἐμπιμπλάναι
627 4203 824 4279 analogiam.
855 4204 997 4264 Medium
1028 4203 1206 4283 χορτάζομαι
1237 4220 1313 4265 oum
1344 4219 1410 4265 eoo.
1439 4201 1525 4282 (γάλα
1552 4199 1672 4271 λευκόν)

395 4302 557 4363 constrult
578 4302 731 4365 Cratinus
754 4305 792 4365 ir.
821 4305 893 4381 142,
923 4307 951 4366 l.

350 4404 402 4464 Fr.
429 4405 502 4466 156.
522 4405 657 4466 inutilia
676 4409 754 4467 sunt
774 4406 941 4480 Biaydesii
960 4407 1145 4468 tentamina
1164 4404 1239 4466 εἰσὶν
1258 4421 1316 4482 pro
1337 4403 1425 4467 ίνδαν
1445 4406 1478 4466 et
1494 4401 1553 4465 ἐστι
1571 4411 1674 4481 νῆστις

395 4495 428 4564 εὖ
452 4521 509 4580 pro
533 4502 595 4565 ἐστὲ
617 4505 754 4583 νήστιδες
777 4510 811 4568 et
832 4506 1035 4587 γιγνώσκομεν
1062 4509 1119 4568 aut
1141 4506 1335 4586 τεκμαίρομαι
1358 4523 1416 4581 pro
1438 4503 1638 4587 γιγνώσκεται.

351 4608 401 4667 Fr.
429 4609 502 4667 160.
537 4607 629 4668 Idem
664 4603 751 4680 άλλος
785 4604 818 4667 δέ
851 4611 963 4691 τιλεκτφ
993 4603 1016 4689 γ’
1054 4605 1241 4687 εἰσέφερ,
1274 4609 1309 4668 in
1343 4608 1478 4682 reliquis
1509 4607 1672 4670 Kookium

393 4712 537 4769 secutus.
561 4709 700 4771 Parodia
723 4711 753 4770 ei
776 4710 905 4771 videtur
929 4711 1072 4771 convivii
1094 4711 1298 4771 Philoxenei.

348 4813 400 4886 Fr.
429 4813 501 4871 184.
533 4810 645 4872 Cobeti
675 4813 854 4888 probabam
884 4813 1121 4882 coniecturam.
1155 4829 1213 4889 pro
1240 4807 1270 4870 ’κ
1299 4811 1408 4872 τούτου
1446 4814 1560 4872 tamen
1595 4825 1672 4870 oum

396 4915 512 4976 Bothio
536 4916 682 4975 scribens
700 4908 729 4988 ’ξ
752 4913 828 4997 ζέαν.
850 4914 902 4973 Ita
925 4930 1011 4976 nuno
1034 4929 1161 4989 quoque
1185 4930 1215 4990 p.
1237 4914 1302 4974 800
1314 4913 1377 4989 Bi,
1399 4914 1453 4986 qui
1473 4913 1528 4974 oft.
1548 4911 1674 4973 Cratini

398 5020 436 5080 ir.
464 5018 535 5096 108,
561 5019 591 5078 3.
