3778 5796
873 500 915 558 33

275 699 317 744 ox
345 684 463 758 quibus
482 684 565 745 nihil
582 686 712 746 certum
732 684 861 745 videtur
879 686 1010 760 praeter
1030 680 1093 760 ὁτιὴ
1110 678 1238 759 'saitae
1258 684 1421 746 Debuerat
1433 687 1555 758 autern,

276 800 341 860 qua
361 787 396 846 in
419 803 454 848 re
478 801 554 847 cum
577 785 740 861 plerisque
764 786 853 846 illius
874 788 908 848 et
927 786 1123 861 quibusdam
1144 790 1276 847 nostrae
1295 788 1415 848 aetatis
1436 785 1558 847 criticis

276 888 394 962 ubique
423 887 585 964 peccavit,
616 901 749 948 servaro
780 887 940 948 librorum
963 887 1163 963 scripturam
1187 887 1312 963 elveno,
1342 903 1425 962 quae
1448 889 1556 946 votus·

275 989 417 1050 tissimis
447 989 643 1063 quibusdam
673 986 782 1050 titulis
813 989 924 1050 atticis
959 988 1154 1050 defenditur.
1190 988 1314 1065 Neque,
1352 989 1416 1050 nisi
1451 988 1557 1062 fallor,

276 1087 368 1166 ἐστίν,
410 1091 547 1152 verbum
584 1091 759 1168 auxiliare,
799 1091 898 1152 ordiri
940 1093 1049 1166 potest
1091 1091 1274 1166 senarium,
1318 1093 1352 1151 et
1393 1089 1560 1150 sententia

277 1192 465 1254 excluditur
488 1191 580 1267 ἔστιν,
603 1195 688 1268 quod
713 1195 746 1253 in
771 1208 810 1253 oa
831 1193 909 1253 sodo
933 1207 969 1253 so
990 1191 1126 1253 haberet
1149 1192 1349 1266 rectissimo,
1369 1192 1480 1264 itaque
1502 1195 1560 1250 aut

278 1291 350 1352 ἔστω
369 1294 571 1355 servandum
590 1294 697 1355 fueret
712 1297 770 1354 ant
789 1294 965 1368 legendum
990 1291 1078 1352 ἔσται.
1114 1292 1237 1353 Versus
1264 1295 1377 1353 autem
1408 1295 1559 1366 quartus,

279 1394 374 1455 modo
404 1394 445 1454 do
476 1397 548 1456 tota
578 1396 746 1456 sententia
776 1395 861 1456 satis
893 1396 1075 1471 constaret,
1107 1393 1179 1455 cell.
1212 1395 1270 1455 Od.
1294 1393 1389 1454 XXII
1413 1395 1466 1469 49,
1492 1408 1561 1468 prc-

278 1495 419 1556 babilius
442 1495 491 1556 sic
514 1494 731 1571 refingerotur

522 1591 586 1672 ὁτιὴ
609 1591 733 1668 ’πιάλας
762 1593 893 1676 <ἔμγα>
920 1590 1017 1674 χρήστ’
1044 1593 1218 1673 ἀπωλόμην.

278 1695 323 1756 Ol.
360 1697 529 1772 Aristepb.
572 1699 611 1759 ir.
649 1699 723 1761 552.
768 1698 1021 1760 immoduleiior
1057 1715 1174 1760 versus
1209 1699 1295 1760 leret
1329 1695 1353 1759 d.
1388 1719 1419 1758 π.
1453 1695 1563 1777 χρηστὰ

276 1793 430 1877 λέ<γειν>
460 1795 638 1876 ἀπωλόμην,
662 1815 745 1874 quae
769 1800 866 1860 lectio
890 1800 1033 1861 traditae
1056 1800 1240 1876 scripturae
1263 1800 1400 1861 euboeae
1422 1800 1562 1861 videtur.

280 1897 370 1958 Ferri
401 1901 515 1974 posset
545 1897 656 1978 χρηστὰ
687 1900 796 1978 δρᾶν,
823 1902 910 1975 qued
933 1902 1087 1977 proponit
1109 1901 1158 1962 Bi.
1184 1901 1216 1960 in
1242 1901 1409 1962 Addondis
1432 1916 1463 1976 p.
1489 1902 1564 1962 296.

278 1997 434 2060 dotorum
466 1999 648 2074 caliginosa
679 2003 775 2062 nocte
806 2001 1029 2063 obscuriorem
1053 2001 1136 2061 mihi
1160 2002 1247 2062 bunc
1270 2001 1378 2062 locum
1404 2016 1566 2063 essenon

281 2100 381 2175 pudet
404 2114 458 2160 mo
482 2100 590 2162 lateri.

232 2201 285 2262 Fr.
310 2202 342 2276 3,
372 2201 399 2262 1.
424 2199 457 2260 τὸ
482 2217 540 2277 pre
564 2223 596 2280 γε
620 2201 669 2263 Bl.
694 2202 750 2263 Vs.
775 2205 806 2264 4.

368 2293 425 2361 εὖθ’
449 2296 722 2382 ἡδυλογοῦσιν
746 2303 860 2364 ἅπασιν
883 2302 928 2365 &oi
951 2303 1027 2366 κατὰ
1049 2303 1105 2382 τὴν
1127 2301 1242 2384 ἀγοράν
1265 2303 1431 2385 περιόντες,

368 2401 417 2463 iaci
440 2408 516 2464 τοῖσι
538 2405 709 2484 βάθροις
734 2405 807 2466 ὅταν
831 2399 918 2485 ὦσιν,
941 2404 1005 2468 ἐκεῖ
1022 2407 1138 2478 τούτοις
1158 2399 1203 2479 οἷς
1227 2403 1496 2486 ἡδυλογοῦσιν

369 2505 498 2586 μεγάλας
521 2504 638 2586 ἀμυχὰς
661 2509 882 2586 καταμύξαντες
906 2507 962 2570 κτὲ.

325 2607 541 2671 Probabilitor
571 2609 663 2671 chk
693 2607 741 2670 ἐπλ
765 2615 826 2682 τοῖς
849 2609 1037 2688 κυάθοις,
1058 2610 1116 2672 sod
1140 2613 1313 2686 praeterea
1335 2611 1451 2671 malim
1475 2605 1563 2687 ἡδο·

279 2708 470 2788 λόγηοαν,
512 2712 598 2786 qued
641 2711 737 2773 facile
771 2727 789 2773 o
824 2728 1018 2788 praegresso
1053 2707 1256 2790 ἡδυλογοῦσιν
1290 2711 1397 2772 labem
1433 2713 1565 2775 trahere

281 2811 396 2886 potuit.
428 2811 555 2874 Durum
586 2814 674 2875 enirn
707 2813 738 2873 b.
762 2813 783 2874 l.
817 2814 983 2890 explicere
1020 2812 1238 2875 assentari
1269 2812 1381 2873 alias
1411 2813 1563 2876 solent.

279 2911 343 2972 Vix
373 2915 486 2974 autom
518 2913 674 2974 credibile
698 2916 749 2974 est
771 2913 820 2974 Bi.
847 2915 945 2975 verba
968 2915 1142 2989 sequentia
1164 2914 1346 2974 sanissime
1368 2914 1565 2977 sollicitasse

279 3011 368 3073 malo
400 3027 483 3074 sana
512 3015 702 3076 coniectura
732 3036 761 3089 μ.
784 3013 908 3086 κύλικας
938 3015 1179 3094 συγκεράσαντες.
1212 3015 1290 3090 Quis
1313 3031 1378 3076 non
1401 3016 1566 3092 intellegit

279 3110 393 3192 ἀμυχάς
416 3115 581 3176 translato
609 3115 765 3176 sensuli.
791 3116 811 3177 l.
836 3117 1064 3192 accipiendum
1088 3132 1161 3177 osso
1188 3116 1228 3178 de
1252 3116 1455 3193 vulneribus,
1481 3133 1564 3192 quae

277 3216 466 3277 adulatores
505 3218 561 3276 isti
592 3216 625 3277 in
657 3217 799 3292 privatis
829 3219 1039 3280 sermonibus
1069 3219 1164 3293 quasi
1198 3217 1374 3293 scalpendo
1410 3217 1564 3293 infligunt

278 3317 387 3377 famae
412 3317 574 3394 virorum,
600 3318 719 3393 quibus
742 3319 852 3395 paullo
877 3323 954 3381 anto
977 3319 1280 3396 suppalpabantur?

235 3417 288 3478 Fr.
314 3419 345 3493 9,
371 3420 399 3478 1.
425 3419 473 3479 Bl.
498 3420 554 3481 eft.
579 3419 635 3480 Ar.
661 3421 735 3482 Pac.
761 3422 843 3496 868;
869 3422 1019 3483 Menand.
1043 3423 1119 3498 320,
1146 3423 1183 3494 5;
1207 3421 1282 3482 Eur.
1307 3422 1333 3482 Ι.
1358 3421 1393 3482 Τ.
1418 3423 1494 3483 467.

236 3517 288 3579 Fr.
316 3519 366 3579 10.
401 3519 472 3580 Non
503 3521 591 3582 male
624 3520 671 3582 Bl.
704 3517 817 3602 άγαμαι
847 3525 1009 3582 Διονύσου·
1041 3520 1073 3582 τὸ
1105 3516 1184 3598 στόμ’
1215 3517 1255 3594 ὡς
1278 3519 1449 3582 σεσὲλλισαι.
1475 3523 1563 3598 Quae

281 3619 428 3680 somniat
451 3620 490 3681 do
513 3622 553 3682 ir.
581 3621 619 3681 11
645 3621 717 3698 logo
741 3624 827 3699 apud
852 3624 973 3699 ipsum.

237 3721 290 3782 Fr.
317 3724 367 3782 14.
401 3720 516 3798 ,ετλ>
549 3721 702 3783 ποντικὸν
737 3725 857 3785 iniuria
891 3725 986 3785 malit
1020 3724 1122 3784 Kock.
1158 3724 1257 3785 Plura
1291 3725 1381 3784 onim
1416 3725 1564 3786 carmina

281 3820 417 3882 πτιοιικὰ
440 3823 544 3884 luisse
568 3825 729 3886 discimus
753 3841 795 3885 ex
817 3825 953 3901 Niccpb.
982 3827 1055 3886 172⁹
1076 3825 1125 3886 Bl.
1149 3825 1246 3886 Add.
1270 3840 1300 3900 p.
1326 3825 1401 3886 296.

237 3922 289 3983 Fr.
317 3926 368 4000 15,
394 3924 424 3983 2.
493 3921 599 3986 ἑκατὸν
623 3921 661 3984 ἂν
684 3933 737 4003 τῆς
762 3921 873 4004 ἡμέρας
897 3925 1055 3986 ἔκλαιεν
1078 3925 1165 3986 οἴνου
1189 3925 1374 4003 κανθάρους.
1474 4005 1476 4008 Ι

282 4024 487 4086 Felicissimo
515 4026 607 4088 Koelr
637 4024 803 4087 ἔλαπτεν
835 4027 952 4098 (multo
980 4028 1100 4090 melius
1123 4043 1223 4102 quam
1248 4029 1296 4089 Bl.
1320 4026 1422 4086 ἔπινεν
1445 4031 1504 4089 aut
1527 4025 1564 4088 dv

281 4157 492 4298 eitnovlkliisi
513 4168 620 4244 fallor,
641 4169 761 4231 vitium
780 4172 897 4230 natum
918 4172 969 4232 eet
989 4186 1007 4231 o
1025 4171 1187 4246 scriptura
1200 4171 1336 4245 antiqua
1356 4116 1568 4231 ElfAllTEN

281 4311 340 4370 aut
353 4310 574 4387 ΕΛΑΠΤΕΝ,
584 4327 649 4386 qua
660 4312 943 4387 coniungebantur
953 4314 1063 4374 variae
1076 4312 1236 4374 lectiones
1249 4310 1566 4388 enumeremus,

285 4425 425 4484 quarum
448 4411 592 4485 priorem
616 4412 707 4474 codd.
731 4413 854 4474 habent
878 4413 911 4474 in
930 4413 1087 4475 Timoelie
1105 4415 1144 4474 fr.
1166 4429 1215 4489 ep.
1236 4414 1356 4475 Athon.
1371 4414 1444 4489 Xp.
1458 4417 1522 4478 431
1536 4416 1566 4475 A

281 4508 323 4587 μά
345 4510 397 4571 τὸν
422 4507 589 4588 Διόνυσον,
619 4507 655 4571 ὃν
679 4511 716 4572 σὺ
744 4512 907 4584 κάμνεις
931 4513 998 4574 ἴσον
1021 4513 1090 4598 ἴσῳ,
1114 4517 1169 4576 ubi
1193 4519 1281 4577 recte
1305 4517 1395 4578 Kock
1419 4518 1567 4593 reposuit

281 4609 454 4688 λάπτεις,
478 4613 564 4686 qued
587 4612 697 4675 solum
721 4615 761 4675 do
784 4614 925 4676 bibendo
949 4618 1179 4694 usurpabatur.

239 4713 291 4772 Fr.
319 4714 368 4788 19,
396 4714 425 4774 1.
449 4716 623 4789 τηλικοῦτος
651 4711 754 4780 <ὢν>
781 4713 885 4792 γέρων.
910 4717 959 4777 Bl.

238 4813 290 4874 Fr.
315 4815 368 4890 20,
394 4815 425 4876 8.
450 4813 614 4876 Headlam
637 4819 825 4893 proposuit:

461 4917 497 4977 B.
522 4913 700 4994 ἀνωμάλους
724 4912 809 4991 εἶπας
832 4919 995 4996 πιθήκους·
1026 4918 1113 4982 (ἔστι
1136 4929 1263 5000 γοῦν)

518 5011 534 5076 θ
558 5013 667 5097 μένγε
690 5018 801 5097 δειλός,
824 5015 840 5082 ὃ
865 5017 897 5080 δὲ
919 5019 1024 5098 κόλαξ,
1048 5015 1064 5082 ‘o'
1089 5017 1116 5083 δ’
1147 5013 1247 5088 (αὖ)
1274 5021 1385 5100 νόθος,

523 5111 570 5181 <ὃ
596 5113 629 5178 θλ
651 5116 765 5192 ilaec>

1445 5231 1459 5272 e
