3748 5792
849 483 911 545 185

263 671 344 748 Quid
379 671 442 732 sibi
473 671 554 732 volti
584 671 734 734 additum
764 667 785 750 ἢ
815 667 918 748 θέσιν,
943 671 1027 732 mihi
1051 673 1184 746 quidem
1215 674 1450 749 perobscurum
1481 677 1542 737 sat.

264 773 350 834 Num
379 772 443 834 init
473 771 555 846 τάξιν
586 769 769 850 εὔθετον,
792 773 1010 834 idoneam?
1042 772 1088 835 uf.
1113 775 1234 837 Iacobii
1258 775 1361 836 Index
1383 791 1410 836 s.
1424 791 1456 836 v.
1480 774 1544 838 Gur

263 873 490 953 τιεριναμμάτων
525 874 622 934 malit
655 873 706 934 Bi.
736 873 862 948 ignoro.
889 908 928 918 -
955 873 1011 935 Vs.
1037 876 1089 936 20.
1121 870 1197 955 δεῦρ’
1232 873 1278 936 ἀεὶ
1308 877 1357 936 Bi.
1388 876 1451 937 Sed
1481 876 1544 937 hoc

262 991 379 1050 graece
413 973 580 1050 significat
609 974 844 1051 hucusque,
877 975 961 1049 quod
992 975 1046 1036 hic
1076 991 1177 1037 sensu
1208 979 1307 1038 caret.
1341 979 1464 1039 Sanum
1492 979 1544 1038 est

263 1071 342 1155 δεῦρ’
368 1074 437 1155 ἅμα.

216 1178 270 1240 Fr.
302 1178 333 1256 4,
364 1178 394 1240 2.
429 1178 626 1255 Lucianum,
662 1190 801 1252 pravum
836 1177 956 1239 sinceri
991 1178 1153 1240 atticiami
1188 1183 1370 1258 auctorem,
1407 1180 1542 1241 verbum

260 1284 484 1359 καταχρῆσθαι,
507 1279 648 1341 utendi
678 1292 792 1354 sensu,
826 1293 901 1339 cum
930 1278 1043 1340 dativo
1071 1281 1283 1342 coniunxisse
1314 1281 1396 1342 nihil
1419 1297 1541 1343 moror.

274 1383 504 1445 Coniecturam
528 1395 640 1443 meam
662 1389 698 1464 τῇ
718 1383 807 1463 σχολῇ
826 1381 945 1442 merito
964 1382 1082 1459 probat
1101 1382 1150 1443 Bl.
1172 1383 1234 1444 Sed
1253 1385 1361 1444 totum
1380 1383 1541 1458 fragmen·

263 1488 336 1544 tum
359 1482 498 1545 laborat.

306 1584 361 1646 Vs.
387 1586 417 1646 2.
441 1578 506 1661 τιν’,
528 1584 559 1644 si
582 1598 703 1645 sanum
727 1584 792 1661 est,
821 1582 906 1643 miro
931 1583 1106 1646 verborum
1130 1585 1243 1646 ordine
1265 1585 1469 1660 iungendum
1493 1587 1544 1646 est

261 1701 328 1748 non
358 1701 434 1748 cunr
465 1685 618 1760 proximo
649 1682 780 1760 πλάνον,
809 1684 865 1745 sed
898 1699 975 1745 cum
998 1686 1227 1747 remotissimo
1250 1687 1384 1747 nomine
1407 1683 1544 1764 Κηφισό-

261 1787 372 1868 δωρον,
395 1802 512 1850 verum
539 1785 781 1862 corruptissimi
799 1788 878 1846 sunt
898 1801 1014 1847 versus
1039 1788 1058 1849 4
1083 1803 1147 1864 sq.,
1168 1789 1287 1863 quibus
1305 1803 1370 1848 non
1393 1767 1543 1848 medetur

261 1889 377 1952 Kocirii
400 1890 607 1952 coniectura:

460 1998 568 2051 τοῦτον
590 1987 710 2068 ταχὺν
734 1985 828 2048 ὄντα
851 1986 926 2067 πρὸς
950 1987 983 2049 τὸ
1007 1989 1096 2068 σιμὸν
1120 1987 1305 2070 ἀνατρέχειν,

462 2091 558 2170 ἥσυχα
581 2085 614 2150 δὲ
637 2086 821 2168 κατιέναι
840 2084 896 2149 ’πὶ
917 2099 961 2174 τῇ
988 2091 1196 2174 βακτηρίᾳ.

262 2194 429 2270 inpriore
453 2207 551 2254 versu
575 2205 730 2266 graecum
753 2191 838 2253 foret
860 2189 1005 2270 ταχέως
1028 2187 1098 2269 μέν
1120 2185 1156 2269 ¹),
1180 2194 1238 2255 ssd
1261 2192 1337 2267 quid
1356 2207 1414 2269 pro
1434 2191 1543 2252 verbis

263 2292 394 2354 κατιέναι
430 2291 478 2354 ini
508 2302 543 2373 ep
566 2292 726 2372 βακτηρία,
756 2307 839 2366 quae
868 2291 1054 2368 significare
1084 2297 1253 2368 nequeunt
1285 2293 1543 2354 descendere

262 2396 412 2457 baculo
436 2395 710 2471 innitentem,
735 2395 1007 2457 substituendum
1031 2397 1076 2458 sit
1099 2395 1229 2457 diidcile
1252 2397 1342 2457 dictu
1365 2397 1426 2456 est.
1459 2394 1544 2454 Nam

263 2499 350 2558 recte
384 2496 516 2571 quidem
551 2496 677 2558 dictum
708 2496 793 2558 ioret
824 2495 921 2575 ἥσυχα
952 2492 985 2557 δέ
1014 2495 1162 2576 κατιέναι,
1191 2499 1220 2558 si
1244 2497 1431 2574 oppositum
1455 2498 1545 2557 esset

263 2595 371 2676 ταχέας
398 2593 452 2675 μέν
477 2631 517 2642 -
542 2594 720 2676 ἀνατρέχειν.
752 2597 912 2659 Graecum
944 2601 995 2660 est
1021 2615 1078 2675 per
1101 2615 1137 2662 se
1159 2601 1347 2676 spectatum
1366 2598 1451 2673 quod
1473 2613 1543 2672 pro·

267 2700 358 2776 ponit
387 2699 437 2761 Bl.
460 2697 557 2778 ἥσυχα
580 2695 713 2759 καθέντα
737 2693 818 2777 σχῆμ’
846 2702 904 2760 aut
935 2696 956 2778 ἢ
986 2697 1177 2760 ἐπικαθεῖναι
1200 2707 1296 2779 σχῆμα
1319 2709 1355 2783 τῇ
1385 2697 1545 2780 βακτηρίᾳ,

264 2801 320 2862 aad
351 2816 417 2862 non
454 2800 519 2862 nisi
554 2800 664 2862 addito
699 2799 836 2861 articulo
866 2799 1076 2862 substantivo
1107 2808 1221 2880 σχῆμα,
1250 2803 1284 2861 et
1314 2801 1390 2876 quid
1421 2814 1542 2874 quaeso

264 2901 386 2964 talibus
410 2903 450 2964 ad
469 2902 580 2963 locum
603 2901 835 2978 insanabilem,
859 2902 923 2962 nisi
947 2903 1054 2976 fallor,
1079 2903 1335 2978 intellegendum
1354 2898 1544 2977 proficitur?

263 3005 396 3065 Manum
418 3003 583 3065 abstinere
601 3002 701 3064 fuerit
719 3003 835 3064 satius.
855 3003 919 3065 Fac
938 3007 1051 3065 autem
1070 3004 1173 3066 latere
1192 3004 1394 3066 sententiam
1413 3002 1543 3077 qualern

264 3106 466 3180 excogitavit
487 3105 594 3181 Koclr,
618 3103 802 3183 ταχνιτειθής
825 3105 871 3165 sit
892 3120 1028 3166 necesse
1052 3109 1117 3182 est,
1143 3106 1194 3167 cui
1218 3120 1257 3167 ea
1279 3101 1473 3166 satisfaciat.

221 3206 271 3267 Fr.
295 3209 327 3282 b,
352 3207 383 3268 2.
413 3207 474 3268 Pro
504 3205 594 3287 γύναι
616 3206 723 3268 multo
745 3205 946 3282 probabilius
968 3208 1115 3270 Mainake
1138 3209 1259 3269 νοτύλαι
1282 3207 1420 3268 coniecit
1443 3221 1542 3281 quam

263 3307 354 3368 Kock
384 3307 512 3386 νύμβαι,
541 3309 627 3382 quod
654 3309 712 3368 vix
734 3307 824 3369 dedit
846 3311 943 3384 poeta
965 3313 1097 3384 propter
1121 3324 1263 3385 sequens
1290 3308 1419 3388 κυμβίον
1442 3312 1541 3378 (nunc

264 3409 359 3470 video
390 3410 499 3486 ipsum
530 3410 706 3484 agnovisse
729 3423 874 3470 errorem
896 3410 944 3469 111
967 3426 997 3485 p.
1023 3411 1112 3488 745),
1138 3427 1198 3472 nec
1219 3409 1307 3471 male
1330 3410 1378 3470 Bl.
1404 3410 1543 3470 coniecit

264 3511 394 3586 κύλικες,
415 3511 472 3571 sed
497 3509 579 3571 nihil
604 3511 684 3570 certi
708 3513 875 3585 repertum
899 3511 961 3573 eat.

222 3609 272 3671 Fr.
298 3611 349 3688 10,
373 3612 404 3672 ὅ.
439 3610 639 3687 Recipienda
668 3611 776 3672 iuerat
805 3611 986 3687 Hirschigii
1017 3615 1108 3674 certa
1130 3611 1320 3674 emendatio
1344 3609 1434 3682 αὐτὸς
1457 3609 1545 3670 τιενό-

263 3733 352 3790 μενος
375 3727 417 3773 ex
440 3713 524 3774 bien.
555 3713 694 3774 Monost.
719 3714 772 3775 48.
797 3712 911 3774 Nauck
941 3714 996 3775 cit.
1020 3715 1226 3776 Bachmanni
1249 3714 1371 3776 Anecd.
1392 3714 1407 3774 I
1426 3728 1456 3788 p.
1481 3714 1542 3774 153

263 3817 299 3875 et
321 3815 405 3889 trag.
428 3813 467 3876 ir.
491 3829 522 3889 p.
547 3815 622 3876 795.

223 4011 347 4098 Eriphi
371 4013 410 4075 ir.
438 4017 466 4091 1,
492 4017 522 4076 2.
546 4015 608 4076 Pro
639 4011 771 4095 λέγουσι,
795 4015 880 4090 quod
907 4031 1027 4078 sanum
1052 4019 1116 4096 est,
1142 4017 1190 4079 Bi.
1216 4017 1347 4094 φατίζυν
1372 4017 1468 4094 (quod
1492 4021 1545 4079 est

263 4116 477 4191 tragicorum)
506 4119 565 4178 aut
586 4114 679 4198 λέγων
702 4139 745 4189 τις
769 4119 972 4193 (pronomine
995 4117 1165 4182 indefinito
1189 4118 1296 4180 alieno
1319 4119 1391 4180 loco
1414 4120 1544 4194 posito).

223 4215 273 4277 Fr.
298 4218 327 4294 2,
353 4219 384 4278 8.
419 4217 634 4280 conterebam
669 4221 747 4280 ante
781 4220 831 4282 Bl.
862 4220 947 4282 Plat.
977 4221 1119 4296 Euthyd.
1145 4222 1248 4282 204ss
1280 4219 1312 4281 τὸ
1335 4218 1392 4300 γὰρ
1415 4220 1545 4282 σπάνιον

265 4317 377 4396 τίμιον,
398 4320 452 4382 hic
475 4321 558 4384 Rau.
579 4323 643 4383 783
670 4318 772 4401 ὀλίγον
789 4318 822 4381 τὸ
841 4321 969 4400 χρηστόν
989 4320 1067 4382 ἐστιν
1091 4322 1188 4402 ὥσπερ
1213 4319 1332 4383 ἐνθάδε.
1357 4357 1395 4366 -
1420 4323 1476 4384 Va.
1493 4325 1543 4385 13.

265 4419 459 4482 admirabili
493 4424 674 4498 sagacitate
709 4423 744 4485 Ο.
765 4422 901 4484 drusius
939 4425 1087 4486 restituit
1121 4427 1243 4504 Βεργαῖε
1273 4424 1460 4502 πολυτίμητε.
1497 4424 1544 4488 cf.

266 4520 356 4582 Kock
381 4521 429 4582 111
451 4539 481 4598 p.
507 4524 582 4601 745,
617 4525 673 4599 qui
707 4524 832 4586 frustra
865 4525 980 4587 haeret
1015 4527 1047 4587 in
1078 4527 1266 4605 πολυτίμητε.
1304 4527 1465 4604 ,Nomen,
1498 4528 1546 4588 ait

266 4619 412 4700 orosius,
437 4626 605 4688 excitabat
622 4627 819 4688 memoriam
839 4626 1002 4689 clarorum
1021 4629 1196 4690 numinum
1216 4628 1374 4709 Περγαίων
1387 4627 1545 4691 Adonidis

229 4821 464 4832 --—————-

259 4947 276 5010 Ι)
291 4953 361 5002 Roob
377 4953 419 5002 111
435 4967 461 5016 p.
479 4955 528 5003 '144
545 4955 687 5016 respondet
704 4969 732 5004 ae
749 4955 864 5006 voluisse
881 4970 952 5006 oum
970 4959 1064 5008 bomo
1081 4961 1178 5008 velox
1196 4959 1259 5016 sit.
1275 4964 1303 5008 ai
1322 4962 1358 5009 ita
1376 4959 1440 5009 nihil
1458 4962 1546 5010 beroia

228 5027 370 5084 nbrndum
388 5047 449 5084 eum
466 5034 598 5100 διατρέχιιν
615 5035 674 5100 πρὸς
689 5035 717 5083 τέ
735 5036 823 5096 σιμόν]
