3748 5792
958 528 1001 591 98

362 715 448 789 quod
476 717 620 778 sensisse
650 718 752 779 etiam
776 717 824 778 Bl.
848 717 989 794 videtur,
1013 719 1069 793 qui
1091 719 1261 794 proposuit
1287 719 1501 792 condemnate)
1520 752 1556 762 -
1570 720 1647 800 βού-

362 820 455 894 λεται,
488 833 545 893 pro
579 833 642 892 quo
670 819 779 895 paullo
809 818 915 880 lanius
946 820 1054 895 possis
1086 816 1132 879 ἄν
1161 817 1289 896 δίδοι,
1319 824 1378 881 aut
1408 821 1586 882 caveamve·
1602 855 1641 864 —

364 914 516 996 ἀξίους,
550 921 636 995 quod
663 920 807 981 fortasse
836 935 955 980 verum
988 923 1051 982 est.
1087 921 1185 982 Nasci
1216 921 1313 982 facile
1343 924 1453 998 potnit
1488 919 1598 996 ὠνίους
1626 939 1647 986 e

363 1021 565 1097 glossemate
596 1023 695 1084 huius
719 1022 872 1084 adiectivi
894 1020 1042 1100 εὐώνους,
1064 1025 1164 1084 metri
1188 1038 1290 1085 causa
1311 1022 1425 1086 reflato
1450 1041 1470 1086 a
1493 1025 1648 1088 librariis.

364 1122 519 1186 Eiusdem
548 1125 736 1189 coniectura
767 1141 816 1187 vs.
843 1126 883 1186 18
915 1122 1090 1205 ineptiolae
1112 1147 1141 1186 τε
1171 1123 1226 1204 τὴν
1257 1123 1427 1206 ἀναγκαίαν
1457 1127 1552 1204 φύσιν
1581 1143 1646 1190 non

363 1217 554 1301 intellegere
584 1241 639 1287 mo
667 1227 782 1304 fateor,
811 1229 847 1287 ut
870 1227 1000 1288 obscuri
1023 1227 1105 1288 mihi
1128 1229 1257 1290 restant
1282 1228 1385 1289 etiam
1408 1233 1484 1305 post
1508 1232 1647 1292 erudito-

364 1342 438 1388 rum
463 1343 559 1389 curas
583 1329 647 1390 duo
669 1329 780 1390 ultimi
803 1343 930 1390 versus.

319 1426 371 1490 Fr.
397 1429 450 1490 34.
474 1428 521 1490 Gi.
545 1430 795 1506 Aristophontis
819 1431 859 1492 ir.
885 1435 915 1492 4.
940 1463 975 1472 —
991 1429 1048 1492 Vs.
1072 1433 1103 1492 4.
1126 1430 1173 1492 De
1197 1425 1349 1509 ἐξελήλυθ’
1375 1432 1426 1494 Bi.
1447 1434 1501 1494 cit.
1526 1433 1647 1510 Diphil.

315 1581 318 1592 .
365 1528 498 1592 1v408
524 1531 563 1592 Μ.
601 1535 634 1593 st
670 1533 725 1606 Eq.
750 1534 825 1594 430.
855 1567 895 1576 -
918 1531 974 1593 Vs,
996 1532 1027 1594 9.
1053 1531 1164 1605 παῖδας
1194 1532 1401 1612 θεατροπίπης
1424 1535 1525 1596 Kock.
1549 1535 1646 1595 Aliud

365 1630 468 1692 latere
510 1633 651 1696 videtur.
692 1635 908 1696 Praetulerim
946 1639 1035 1698 certa
1069 1639 1199 1695 καλεῖται
1233 1635 1437 1713 παιδοπίπης,
1471 1636 1529 1697 sed
1563 1636 1647 1696 nihil

366 1733 447 1792 certi
467 1735 623 1797 extundo.
639 1770 678 1779 —
700 1736 756 1798 Vs.
777 1740 808 1800 8.
832 1737 969 1817 κεστρεύς
991 1759 1034 1809 τις
1057 1753 1116 1813 pro
1139 1741 1289 1817 κεοερῑνος
1312 1738 1384 1799 sine
1407 1753 1507 1800 causa
1529 1737 1649 1800 idonea

366 1833 414 1894 Bl.
440 1867 484 1878 -
504 1836 559 1898 Vs.
587 1839 627 1898 10

521 1934 644 2016 ὑφείλετ’
671 1936 749 2017 ἄρνα
772 1938 915 2017 ποιμένος
938 1939 1104 2018 παίζων,
1128 1939 1279 2018 Ἀτρεὺς
1301 1937 1463 2020 ἐκλήθη.

366 2037 470 2102 Locus
493 2057 652 2118 perquam
675 2043 915 2121 memorabilis,
939 2044 1027 2105 unde
1046 2046 1183 2121 apparet
1201 2058 1288 2105 nova
1307 2042 1402 2104 nobis
1421 2042 1529 2104 forma
1547 2043 1644 2102 notis-

369 2147 475 2211 simae
505 2146 635 2208 iabulae
663 2147 701 2208 do
725 2147 797 2207 ovis
821 2161 920 2207 aureo
943 2145 1078 2223 vellere,
1104 2161 1203 2222 quam
1227 2147 1367 2207 sormam
1393 2145 1646 2206 Anaxandridae

367 2253 477 2312 aetate
503 2251 587 2310 satis
607 2249 777 2325 vulgarem
796 2249 900 2310 luisse
919 2263 1054 2310 necesse
1075 2249 1141 2325 est,
1163 2251 1199 2309 ut
1224 2250 1335 2324 poeta,
1357 2247 1409 2308 cui
1428 2248 1554 2308 facilior
1575 2249 1648 2307 erat

366 2355 498 2429 propter
517 2367 672 2412 numeros
691 2351 856 2425 Thyestae
875 2366 995 2412 nornen
1015 2365 1118 2426 paene
1137 2351 1365 2426 excludentes,
1391 2365 1430 2410 ea
1454 2349 1501 2412 uti
1524 2351 1646 2424 posset.

367 2455 439 2516 Noli
459 2457 571 2515 autem
595 2454 727 2515 credere
750 2453 850 2514 verba
872 2446 998 2527 ὑφείλετ’
1023 2449 1100 2530 ἄρνα
1122 2449 1265 2529 ποιμένος
1288 2452 1328 2512 de
1352 2467 1430 2512 vero
1450 2467 1534 2527 agno
1555 2450 1647 2511 etde

367 2571 445 2618 vero
476 2557 607 2632 pastore
638 2555 826 2630 accipienda
856 2569 938 2616 esse.
970 2554 1087 2616 Procul
1117 2553 1214 2616 dubio
1244 2556 1352 2629 agitur
1376 2553 1415 2614 de
1439 2556 1587 2614 amatore
1611 2548 1646 2609 τὰ

369 2657 493 2718 παιδικά
517 2658 574 2719 aiii
597 2657 739 2718 amatori
761 2651 969 2733 surripiente.
992 2656 1039 2718 (li.
1063 2658 1120 2718 Ar.
1144 2656 1241 2733 Veap.
1266 2657 1348 2718 570:

413 2759 438 2820 el
461 2755 515 2836 μὲν
538 2757 649 2837 χαίρεις
673 2755 764 2838 ἀρνὸς
787 2768 876 2842 φωνῇ
900 2762 991 2843 (πωλῇ
1013 2759 1157 2829 Richter)
1180 2756 1288 2830 παιδὸς
1311 2754 1419 2834 φωνὴν
1442 2753 1581 2834 ἐλεήσαις.

371 2861 530 2922 Similiter
564 2875 613 2922 vs.
652 2862 689 2920 11
727 2860 953 2937 accipiendum
987 2860 1083 2940 κρίος,
1116 2861 1173 2921 sed
1207 2859 1371 2936 κωδάριον,
1412 2857 1496 2933 quod
1528 2853 1646 2928 aliquis

369 2963 507 3024 conviva
542 2962 663 3038 hospiti
697 2963 887 3040 suffuratur,
919 2978 1020 3024 sensu
1050 2964 1190 3040 proprie.
1222 2962 1303 3038 Quid
1334 2976 1411 3023 vero
1441 2977 1492 3020 vs.
1519 2959 1559 3018 10
1582 2957 1646 3017 sibi

371 3064 449 3126 velit
474 3063 588 3135 παίζων
617 3065 704 3125 haud
732 3064 896 3141 intellego.
925 3065 1079 3126 Fortasse
1102 3065 1163 3125 sub
1186 3064 1355 3140 participio
1379 3064 1437 3123 vix
1460 3077 1541 3122 sano
1563 3059 1646 3118 latet

367 3165 567 3228 adiectlvum
592 3167 722 3241 aliquod
745 3167 945 3241 iungendum
970 3181 1046 3248 curn
1069 3163 1160 3246 ἄρνα,
1183 3167 1254 3229 sive
1277 3164 1371 3226 καδόν
1395 3165 1467 3226 sive
1491 3162 1587 3224 aliud.

414 3269 539 3330 Iniuria
568 3269 617 3330 Bl.
641 3284 690 3330 vs.
715 3270 734 3330 6
765 3271 872 3330 tentat
902 3264 940 3328 ἄν
970 3267 1094 3347 αίφηνε,
1116 3286 1173 3346 pro
1196 3264 1386 3346 ἀναπέφηνε,
1416 3266 1500 3342 quod
1524 3261 1645 3338 signifi·

369 3374 422 3434 cat
455 3373 629 3448 repente
663 3371 834 3446 existit,
865 3371 887 3432 i.
908 3387 935 3433 e.
968 3372 1085 3433 statim
1119 3373 1266 3434 vocatur.
1291 3370 1337 3432 Gi.
1369 3386 1399 3430 v.
1424 3384 1451 3429 c.
1483 3366 1571 3428 Pluti
1594 3379 1645 3425 vs.

369 3473 583 3536 notissimus:

636 3569 714 3652 ἁνὴρ
738 3570 881 3653 ἐξαίφνης
905 3571 1140 3652 ἀναπέφηνε
1163 3573 1315 3645 πλούσιος.

369 3681 405 3741 ut
439 3679 501 3738 hoc
535 3677 756 3753 compositum
792 3677 943 3753 usurpari
977 3677 1063 3738 solet
1097 3677 1136 3738 de
1171 3676 1212 3736 iis
1245 3690 1328 3750 quae
1360 3676 1419 3734 aut
1446 3671 1556 3733 subito
1587 3672 1647 3730 aut

368 3783 498 3858 praeter
520 3779 786 3855 expectationem
809 3782 978 3856 apparent.

324 3883 375 3945 Fr.
401 3883 452 3944 35.
489 3881 560 3943 Non
594 3881 704 3956 inepte
738 3880 787 3942 Bi.
818 3877 1053 3960 payddrg=dg
1084 3878 1220 3961 μαράδις.
1251 3879 1349 3940 certa
1371 3875 1554 3939 Causaboni
1577 3890 1645 3936 cor·

369 3985 469 4046 rectio
493 3986 545 4045 est
567 3980 650 4062 μίγα.

324 4086 374 4146 Fr.
401 4087 453 4147 36.
477 4079 662 4162 λεπτοτέρας.
686 4084 735 4144 Β1.
761 4084 816 4147 ert.
842 4080 1005 4163 εὐρυτέρως
1030 4085 1086 4146 Ar.
1115 4085 1190 4160 Lys.
1215 4085 1291 4145 419.

324 4186 374 4247 δι.
400 4187 452 4262 37,
478 4188 507 4248 3.
533 4186 580 4248 Bl.
604 4183 823 4261 cleopatrae
847 4186 955 4246 lenius
980 4189 1014 4247 et
1038 4187 1148 4261 aptius
1171 4201 1270 4261 quarn
1294 4183 1385 4246 Kock
1404 4180 1436 4242 τὸ
1457 4177 1554 4259 σχῆμά
1573 4195 1647 4256 nov,

368 4303 433 4348 non
458 4287 545 4348 enim
569 4288 640 4363 ipae
664 4287 797 4348 habitus
821 4302 941 4348 curvus
964 4302 1119 4348 ancora
1142 4287 1204 4348 dici
1228 4288 1365 4362 poterat.

324 4389 375 4449 Fr.
400 4389 453 4450 38.
482 4385 592 4466 Ἄρεως
623 4390 712 4449 recte
742 4388 889 4464 postulat
917 4387 1016 4449 idem.
1049 4388 1183 4450 Brevior
1206 4388 1313 4450 forma
1332 4383 1450 4464 Ἄρεος,
1472 4387 1510 4445 ut
1531 4379 1646 4458 ἄστεος,

368 4504 432 4551 non
457 4489 519 4550 nisi
544 4487 675 4550 iubente
699 4491 806 4550 metro
830 4505 849 4551 a
872 4490 978 4566 poetis
1002 4490 1199 4551 admittitur.

324 4591 375 4651 Fr.
400 4591 452 4665 39,
479 4592 509 4652 5.
541 4590 599 4651 Vel
631 4593 762 4666 propter
792 4607 841 4652 vs.
873 4607 921 4664 sq.
954 4607 1029 4652 cum
1053 4591 1100 4652 Bl.
1126 4591 1241 4652 malim
1265 4587 1435 4668 δαιμόνανς
1465 4605 1527 4650 nec
1550 4586 1645 4648 video

367 4706 425 4751 cur
448 4706 496 4752 ve.
524 4692 562 4751 14
587 4706 663 4752 cum
686 4691 810 4753 Koelrio
834 4692 986 4768 legamus
1011 4690 1125 4768 δυνατὴ
1150 4690 1365 4767 precidamur.

324 4791 374 4854 Fr.
400 4795 453 4868 41,
478 4795 507 4854 t.
532 4793 579 4853 Bl.
604 4792 800 4871 βουβαύκαιᾶ
823 4788 846 4874 γ’
870 4791 966 4854 αδτδι
989 4794 1096 4865 (Mein.
1116 4798 1219 4865 ταῦτα)
1239 4795 1350 4855 neseio
1371 4806 1413 4854 an
1432 4777 1531 4854 recte.
1551 4791 1644 4851 idem

367 4893 423 4954 cit.
443 4892 633 4955 Oratineum
657 4894 867 4973 auctoritatae
890 4899 924 4956 et
947 4911 995 4958 vs.
1016 4896 1036 4956 δ
1057 4895 1193 4969 requirit
1211 4897 1384 4955 accentum
1403 4893 1644 4972 βοντνροφαγᾶς.

367 4995 462 5056 Hunc
485 5010 564 5057 sane
587 4995 711 5057 habent
732 5006 908 5076 καταφορᾶς
931 5001 965 5060 et
987 5005 1176 5076 κατωφαγᾶς.
1199 5030 1239 5039 -
1258 4996 1314 5056 Vs.
1338 4996 1388 5055 10.
1412 4996 1504 5070 idem
1528 4997 1644 5071 putare

369 5097 498 5158 videtur
526 5112 642 5159 omnes
672 5094 796 5176 λέβητας
827 5115 948 5162 aeneos
974 5100 1090 5176 ruisse,
1118 5098 1219 5159 deleri
1242 5099 1358 5159 iubens
1382 5097 1545 5171 virgulam
1568 5097 1645 5172 post
