3718 5788
825 477 888 538 189

235 663 299 725 Cur
321 665 469 738 quaeso?
490 696 529 707 -
551 663 607 726 Vs.
633 667 663 726 5.
688 664 861 740 λυμαίνεται
885 666 1030 742 passive,
1056 667 1094 725 ut
1116 664 1279 725 interdum
1304 660 1459 740 βιάζεσθαι
1484 664 1517 723 et

235 766 302 826 aiia
320 766 422 826 verba
440 767 558 827 media.
575 800 613 809 -
629 767 719 827 Kock
739 768 772 826 in
793 768 874 827 iiius.
895 767 1000 828 Rhen.
1014 783 1042 826 a.
1059 766 1143 826 1888
1157 782 1186 840 p.
1201 767 1276 841 608,
1290 765 1361 826 coli.
1375 764 1458 824 Plut.
1474 765 1514 824 ei

236 868 374 942 sitisque
397 867 491 944 iocis,
517 871 687 945 proposuit
714 866 883 950 <8>1ἐγο,
905 869 937 931 τὸ
962 870 1169 931 διδασκαλεῖον
1192 865 1276 946 ἡμεῖς
1295 868 1436 950 σῴζομεν,
1457 883 1518 928 nec

235 970 323 1031 male
347 985 396 1030 vs.
422 971 463 1030 20
488 967 614 1045 ἐννοεῖς,
638 964 661 1032 ὦ
685 977 773 1040 (cum
798 973 969 1043 Meinekioi
993 971 1147 1050 φλήναφε;
1170 987 1227 1047 pro
1251 963 1313 1042 οἷος
1335 963 1362 1029 εἶ
1383 991 1429 1050 γε,
1451 969 1517 1045 φίν-

234 1093 313 1143 νανεε
349 1073 433 1146 quod
469 1073 526 1132 vix
557 1074 738 1135 tolerabile.
771 1076 893 1137 Verum
925 1076 1032 1136 eidem
1063 1075 1217 1136 assentiri
1246 1087 1369 1147 nequeo
1400 1087 1449 1132 vs.
1475 1073 1515 1131 23

236 1190 294 1249 pro
323 1174 460 1252 λάβωμεν
490 1175 707 1237 substituenti
738 1174 892 1256 ἐλάβομεν,
921 1194 977 1252 pro
1009 1193 1072 1252 quo
1095 1177 1316 1250 requireretur
1338 1173 1519 1252 εἰλήφαμεν,

239 1277 258 1336 i.
282 1293 310 1336 e.
342 1275 459 1354 ἔχομεν,
490 1281 524 1337 et
554 1275 599 1336 ὅτε
631 1295 688 1354 pro
721 1277 784 1355 ἵνα,
813 1281 948 1354 quaesi
973 1295 1129 1356 reponere
1154 1295 1283 1340 mecum
1308 1278 1515 1354 reformidas

237 1381 304 1438 siat
336 1379 418 1438 mitri
448 1380 546 1439 vetus
575 1381 742 1440 sententia
771 1384 848 1441 ante
879 1381 966 1441 hunc
996 1396 1129 1441 versum
1161 1382 1321 1453 quaedam
1345 1381 1516 1441 excidisse.

239 1479 327 1539 idern
350 1478 439 1538 Kock
460 1480 480 1539 i.
494 1480 514 1540 l.
541 1497 657 1542 versus
681 1484 901 1544 audacissime
925 1485 973 1544 sic
997 1484 1142 1560 disponit
1159 1483 1449 1543 10-12.20-23.
1467 1484 1516 1542 13.

242 1583 291 1642 14.
320 1583 369 1642 17.
394 1583 443 1642 15.
468 1585 517 1642 16.
538 1585 588 1643 18.
614 1585 666 1644 29.
693 1585 744 1645 24.
768 1619 808 1628 -
830 1586 886 1646 Vs.
912 1587 964 1646 21.
997 1585 1078 1646 Ourn
1103 1583 1151 1644 Bi.
1177 1579 1337 1663 ἔπανέρχεε’
1364 1587 1518 1659 expectes

238 1699 294 1758 pro
317 1678 491 1762 προσέρχετ’.
517 1719 557 1728 -
583 1685 638 1746 Vs.
666 1690 715 1746 15.
742 1686 822 1762 Quid
849 1688 882 1747 in
906 1686 969 1748 fine
993 1687 1153 1747 exciderit
1175 1702 1310 1761 prorsus
1336 1688 1516 1760 incertum;

238 1785 333 1864 βαβαῖ
351 1787 489 1847 coniecit
509 1787 669 1864 Meineke,
694 1788 723 1847 εί
743 1811 819 1872 φῃςς
844 1790 902 1864 ΒΙ.,
927 1789 984 1848 sed
1008 1789 1072 1848 alia
1096 1789 1203 1854 muita
1225 1804 1328 1864 aequo
1353 1790 1424 1849 iure
1448 1805 1517 1864 pro·

237 1889 312 1962 poni
346 1889 483 1962 possint.
510 1923 549 1932 -
587 1889 642 1949 Vs.
679 1891 729 1950 17.
764 1887 830 1967 περὶ
864 1889 984 1965 φύσεως
1018 1891 1090 1950 sine
1123 1890 1275 1965 atticum,
1311 1905 1409 1964 quern
1445 1891 1517 1950 addi

237 1990 326 2050 iubet
345 1989 409 2064 ΒΙ.,
434 1993 521 2050 recte
544 2005 580 2050 se
600 1991 718 2051 trabere
740 1992 789 2052 vel
811 1991 917 2052 muita
936 1991 1206 2067 philosophorum
1223 1993 1325 2050 ΠΕΡΙ
1349 1988 1522 2054 ordene

237 2092 359 2166 scripta
382 2094 558 2152 testantur.
585 2127 624 2135 -
651 2092 705 2153 Vs.
730 2095 782 2153 29.
811 2093 1044 2167 Recipiendum
1070 2108 1144 2154 esse
1167 2091 1247 2151 ἔσεαι
1270 2108 1327 2168 pro
1351 2089 1407 2151 ἐστι
1433 2093 1517 2164 (Μεί-

239 2193 331 2263 nekei
356 2194 450 2254 docet
474 2209 707 2270 praegressum
730 2196 879 2256 futurum
904 2193 1044 2255 ἐπάνεισι.
1065 2230 1106 2239 -
1126 2195 1182 2256 Vs.
1207 2197 1249 2256 30
1274 2211 1322 2270 sq.
1347 2195 1517 2257 Traditum

241 2293 336 2352 πάντα
366 2299 479 2355 servet
511 2297 671 2371 Meineke‚
697 2297 803 2358 deleto
827 2296 916 2373 φασί,
940 2297 998 2357 sed
1022 2287 1133 2358 nescio
1157 2312 1199 2358 an
1224 2299 1344 2358 rectius
1369 2297 1428 2373 Bt,
1453 2315 1517 2358 ser-

245 2399 319 2456 vato
350 2400 502 2474 utroque,
535 2399 658 2459 scribat
688 2394 789 2458 πάντ’
826 2396 863 2459 ἐν
894 2410 1044 2482 περιφορᾷ
1074 2417 1131 2475 pro
1163 2397 1199 2459 ἕν
1229 2408 1271 2482 τῇ
1294 2411 1451 2482 περιφορᾷ.
1477 2434 1516 2444 -

241 2497 295 2558 Vs.
310 2499 362 2559 35.
383 2499 484 2560 Recte
508 2500 691 2575 explicatur
713 2499 912 2577 τυντλάζεται,
930 2516 1036 2576 neque
1056 2517 1137 2576 opus
1154 2501 1318 2575 Biaydesii
1332 2502 1519 2562 coniectura

244 2601 422 2678 ενρβάζεναι.
447 2635 489 2643 -
512 2602 568 2662 Vs.
594 2605 646 2663 39.
671 2599 908 2680 καταβαλέσθαι,
939 2604 1076 2664 verbum
1102 2604 1408 2680 architectonicum,
1433 2605 1519 2678 quod

242 2701 280 2761 de
302 2703 528 2764 fundamentis
551 2705 709 2778 ponendis
734 2707 920 2780 usurpatur,
946 2704 1083 2766 mirifice
1102 2719 1182 2765 sane
1200 2705 1230 2765 h.
1244 2705 1265 2766 1.
1279 2707 1423 2780 iungitur
1443 2723 1517 2768 curn

245 2819 321 2865 voce
344 2803 541 2880 τούπτάνιον,
571 2807 655 2880 quod
679 2803 761 2883 παρὰ
784 2805 968 2883 προσδοκίαν
992 2821 1050 2882 pro
1074 2803 1105 2865 τὸ
1128 2803 1268 2882 θεμέλιον
1292 2807 1421 2868 illatum
1445 2823 1518 2869 esse

243 2908 336 2980 putat
367 2906 498 2967 Paimer
528 2907 614 2982 opud
644 2907 704 2979 ΒΙ.,
738 2908 808 2967 ioco
839 2907 985 2981 quidem,
1010 2909 1038 2967 si
1063 2908 1110 2967 ita
1134 2909 1197 2982 est,
1224 2908 1409 2982 perfrigido.
1444 2908 1518 2968 Ver·

242 3007 318 3068 burn
351 3008 569 3082 depravatum
593 3023 667 3069 esse
692 3009 849 3069 existimo
873 3024 948 3068 cum
973 3008 1110 3084 Kocki0,
1137 3009 1193 3069 sed
1217 3010 1305 3070 iusto
1328 3009 1520 3086 violentius,

242 3109 313 3170 coll.
354 3109 531 3185 Hegesippi
565 3110 603 3170 ir.
642 3112 670 3186 1,
710 3113 759 3186 19,
796 3110 844 3170 Bi.
880 3105 1071 3187 ἁρμόσασθαι
1112 3111 1295 3186 proposuit,
1327 3110 1404 3171 licet
1437 3112 1519 3171 eius·

243 3210 330 3270 modi
371 3212 538 3271 notionem
571 3213 683 3286 aptam
718 3226 792 3272 esse
826 3211 922 3271 facile
956 3211 1145 3272 concedam.
1178 3243 1217 3252 —
1251 3210 1305 3271 Vs.
1342 3212 1394 3271 42.
1431 3211 1519 3289 tropo

241 3309 327 3370 κάκεῖ
345 3327 403 3386 pro
427 3310 516 3389 tropo
536 3309 666 3389 κάκεῖσε,
692 3316 750 3373 aut
773 3312 859 3386 quod
879 3313 1102 3388 reponendum
1123 3311 1284 3385 hodieque
1304 3312 1413 3389 crede,
1440 3307 1516 3389 δεῦρ’

242 3409 345 3487 ἐκεῖσε,
379 3414 408 3473 si
443 3429 575 3488 sanum,
620 3419 672 3476 est
715 3415 970 3475 hellenisticum.
1007 3415 1130 3474 Tuetur
1165 3413 1291 3474 Kentos
1326 3417 1438 3490 Ἀθηνᾶ
1474 3415 1521 3473 ΙΙΙ

243 3531 272 3589 p.
298 3517 373 3576 386.
399 3549 439 3558 -
465 3515 520 3575 Vs.
545 3519 597 3576 50.
623 3517 671 3577 Bi.
697 3517 751 3577 cit.
777 3517 832 3590 Eq.
859 3518 912 3578 25.
936 3517 1017 3577 Nub.
1044 3517 1119 3576 899.
1142 3549 1182 3558 -
1204 3515 1258 3576 Vs.
1285 3517 1336 3576 53.
1362 3512 1522 3602 ἐπανέντα,

241 3633 286 3678 so.
318 3625 369 3694 τῆς
398 3613 515 3695 θέρμης
550 3621 583 3678 et
614 3615 727 3694 μέσας,
756 3619 825 3678 scii.
858 3617 956 3697 θερμά
987 3618 1131 3694 explicat
1160 3617 1310 3691 Biaydes
1343 3616 1413 3676 Nisi
1436 3617 1520 3677 forte

245 3723 340 3794 poeta
362 3720 550 3795 oppositum
576 3719 680 3780 voluit
704 3715 797 3793 με’σας
821 3719 970 3792 sequenti
996 3717 1070 3789 ὄνος
1090 3715 1319 3793 (ἀποψύξαντα).
1337 3753 1375 3760 -
1397 3718 1453 3777 Vs.
1467 3721 1519 3778 55.

245 3820 459 3880 Probabiliter
482 3820 573 3880 Kock
597 3822 678 3881 Mus.
703 3820 806 3880 Rhen.
831 3820 851 3879 i.
869 3820 889 3880 i.
914 3820 1086 3894 proposuit
1108 3817 1247 3895 πείσθητι
1270 3817 1319 3877 καῖ
1343 3819 1440 3890 δεῖξας
1464 3834 1520 3893 pro

246 3921 286 3992 τίς
311 3921 347 3998 δή
372 3944 399 3980 τι
422 3920 611 4000 παραδείξας.

205 4119 406 4204 Euphronis
430 4121 468 4180 tr.
497 4122 524 4196 1,
552 4123 582 4182 6.

445 4221 568 4299 Νηρεὺς
592 4216 618 4281 δ’
647 4217 662 4279 ὁ
687 4223 761 4292 Χῖος
785 4220 913 4301 γόγγρον
937 4213 1012 4299 ἧψε
1035 4226 1116 4294 τοῖς
1141 4226 1264 4293 θεοῖς.

246 4327 316 4386 Non
349 4323 513 4398 intellego.
546 4323 703 4398 Proposui
734 4313 833 4398 ἧψεν
858 4321 1019 4394 ἰσοθέος
1043 4325 1063 4384 i.
1089 4340 1115 4384 e.
1142 4323 1318 4400 δαιμονίας,
1342 4325 1520 4398 egregie.

248 4427 346 4488 Vs.9
381 4426 473 4487 Kock
505 4425 586 4485 Mus.
618 4425 721 4485 Rhen.
757 4425 851 4501 1888,
885 4441 914 4500 p.
940 4426 1002 4485 607
1035 4435 1166 4486 mecum
1198 4429 1418 4500 transponens
1448 4427 1523 4499 post

248 4545 294 4591 vs.
318 4530 348 4598 8,
385 4531 460 4603 post
492 4542 540 4588 rs.
568 4526 607 4586 10
641 4528 760 4588 statuit
794 4527 891 4587 unius
924 4543 1040 4588 versus
1070 4528 1238 4603 lacunam,
1270 4529 1363 4588 cuius
1389 4528 1522 4588 initium

246 4632 345 4692 fuerit
368 4628 467 4704 ἐξεῦρε
491 4629 568 4700 (imo
591 4625 706 4706 ἕξηῦρε)
730 4629 864 4701 καινούς.
888 4630 937 4690 Ad
958 4630 1060 4690 Verba
1078 4627 1139 4689 ἀπὸ
1159 4631 1319 4708 συμβολῶν
1339 4627 1522 4707 συνάγουσιν

247 4733 293 4792 Bi.
318 4732 399 4792 citat
421 4729 539 4805 Diphil.
564 4731 617 4804 43,
643 4730 684 4790 28
709 4727 768 4790 ἀπὸ
792 4731 951 4808 συμβολῶν
975 4731 1151 4810 συνάγοντα.
1174 4766 1213 4775 -
1237 4731 1293 4791 Vs.
1321 4731 1370 4789 12.
1397 4731 1522 4790 Mecum

247 4833 294 4893 Bi.
318 4827 391 4910 ἡμῖν
414 4846 472 4906 pro
496 4825 590 4906 ἡμῶν.
615 4864 655 4873 -
680 4831 737 4890 Vs,
765 4833 815 4892 18.
841 4832 932 4891 Idem
957 4831 1067 4891 ναῦταί
1088 4854 1165 4903 τινες
1189 4839 1257 4908 (pro
1281 4853 1369 4891 οιτονι
1393 4835 1446 4905 οε),
1470 4829 1522 4889 ad·

247 4935 348 4994 missa
367 4931 524 4992 Palmerii
543 4932 730 4992 coniectura
743 4929 840 4992 πολιοὶ
853 4949 910 5007 pro
923 4931 1035 4992 πολλοὶ.
1050 4967 1089 4976 -
1100 4934 1154 4994 Vs.
1169 4935 1221 4996 21.
1236 4933 1333 4995 Oodd.
1347 4930 1409 4992 τότε
1428 4933 1523 4990 trono

248 5043 354 5112 κρεῶν,
384 5033 509 5094 Person
540 5033 633 5117 Λύκῳ
664 5041 758 5113 κρεῶν
789 5029 856 5111 τότ’,
879 5035 927 5096 Bi.
953 5027 1094 5112 ὧΛύκε,
1115 5044 1210 5115 κρεῶν
1233 5031 1298 5096 τότ’.
1324 5067 1362 5079 -
1388 5033 1443 5093 VS·
1470 5033 1523 5094 27.
