3748 5792
958 463 1000 528 82

617 649 718 728 λύπη
741 650 887 726 μανίας
911 648 1065 730 ὁμότοιχος
1088 643 1165 710 εἶναι
1187 670 1238 728 μοι
1262 646 1348 708 δοκεῖ

363 756 397 814 et
417 753 621 815 Philemonis
645 753 683 813 ir.
711 753 784 828 106,
810 753 829 814 2
853 769 917 828 sq.:

619 853 683 914 διὰ
705 855 834 932 λύπην
856 852 906 916 καί
929 857 1051 932 μανία
1073 851 1129 935 γὰρ
1153 853 1411 935 γί<γ>νεται...

617 951 769 1028 αύτούςί
795 953 964 1040 ἀνῃρήκασι
987 955 1054 1018 διὰ
1076 957 1206 1034 λύπην
1230 951 1307 1028 τινλς
1330 951 1388 1014 κτὲ.

318 1061 369 1122 Fr.
398 1061 470 1136 106,
496 1062 515 1121 4
546 1074 678 1121 mecum
705 1057 741 1118 τά
763 1079 792 1118 τι
815 1075 874 1135 pro
896 1057 947 1120 καί
970 1060 1035 1143 Bt,
1059 1060 1173 1122 sedin
1197 1074 1248 1120 vs.
1271 1061 1290 1119 6
1315 1071 1449 1133 prorsus
1472 1055 1639 1116 incredibi-

361 1162 436 1222 liter
459 1161 612 1222 coniecit:
636 1159 814 1246 μελιλωτίνμ
839 1156 915 1241 σύγ’
944 1159 1084 1240 ἑκάτερον
1108 1160 1262 1242 βραχίονα.
1286 1159 1388 1220 Recte
1411 1157 1512 1220 Kock.

318 1263 370 1326 Fr.
398 1263 470 1324 108.
761 1269 835 1321 τῶν
857 1262 1032 1343 γίγγραν
1054 1261 1181 1324 αύλῶν

362 1362 543 1442 μνημονεύει
567 1360 743 1439 Ἀντιφάνης
769 1359 801 1422 iv
822 1356 923 1446 Ἰατρῷ
948 1367 981 1426 et
1006 1361 1189 1443 Μένανδρος
1212 1360 1244 1422 iv
1270 1360 1395 1442 Καρίνῃ.
1427 1360 1638 1421 Manifestum

361 1468 414 1527 est
435 1464 544 1526 solum
567 1479 637 1524 voe.
661 1462 781 1543 γίγγρας
804 1480 878 1526 esse
901 1466 1021 1527 horum
1047 1468 1235 1542 poetarum,
1260 1463 1386 1538 reliqua
1409 1461 1581 1524 Athenaei.

318 1569 369 1628 Fr.
396 1567 469 1641 109,
495 1566 525 1628 2.
549 1563 597 1626 Bl.
621 1560 637 1623 ὁ
661 1562 694 1625 tt
716 1585 749 1644 γε
772 1568 865 1643 πῆλος
889 1570 1042 1646 πάγκαλος
1063 1563 1068 1649 Ι
1088 1565 1207 1644 ψυκτήρ
1231 1566 1410 1641 eleganter.

319 1669 370 1730 Fr.
403 1668 476 1743 112,
512 1669 539 1728 1.
575 1665 623 1728 Bl.
662 1682 692 1741 p.
723 1667 784 1727 107
824 1664 937 1728 ἀσπίδα
972 1669 1075 1730 inisse
1109 1670 1143 1730 in
1180 1669 1243 1730 hoe
1277 1682 1376 1728 versu
1410 1665 1511 1728 fuisse
1546 1664 1641 1740 putat

362 1771 505 1844 (propter
538 1767 674 1828 Aristot.
707 1772 792 1844 poet.
817 1771 874 1846 21,
905 1772 943 1831 ut
972 1770 1133 1840 arbitror.)
1164 1783 1349 1846 proponens
1380 1758 1427 1827 εἶτ’
1453 1761 1564 1823 ἀσπίδα
1589 1760 1640 1833 δδς

363 1868 475 1947 φιάλην
499 1865 608 1948 Ἄρευς
641 1871 675 1930 et
705 1869 771 1931 alia
798 1870 960 1947 quaedam
983 1888 1014 1950 p.
1042 1873 1115 1950 107,
1146 1886 1205 1946 pro
1228 1885 1292 1945 qua
1313 1868 1464 1944 opinione
1488 1865 1640 1940 quodam·

363 1971 460 2032 modo
494 1970 573 2031 facit
603 1969 771 2046 glossema
802 1971 832 2032 ιδ
856 1970 962 2047 ὅπλον,
993 1973 1077 2047 quod
1105 1975 1195 2034 recte
1226 1971 1347 2032 delevit
1369 1969 1530 2046 Koppiers
1554 1966 1642 2038 (licet

362 2073 472 2149 potius
496 2070 588 2132 ὅπλον
612 2087 669 2146 per
691 2069 803 2132 ἀσπίδα
827 2089 926 2148 quam
950 2075 1083 2135 inversa
1105 2075 1234 2135 ratione
1257 2073 1456 2148 explicatum
1480 2084 1553 2130 esse
1576 2083 1639 2128 cre·

363 2173 482 2250 dores),
514 2172 572 2234 sed
595 2173 812 2236 adversantur
836 2176 997 2237 Athenaei
1022 2176 1134 2253 verba,
1167 2191 1227 2237 nec
1249 2191 1285 2236 re
1308 2189 1388 2235 vera
1410 2187 1486 2234 sem
1509 2170 1639 2231 demon-

361 2278 449 2336 strat
482 2274 573 2336 locus
606 2276 798 2337 Aristotelis
831 2277 914 2338 bene
948 2278 1148 2340 intellectus.
1180 2277 1330 2338 Lenitate
1359 2274 1503 2350 reliquae
1525 2285 1642 2332 omnes

363 2377 569 2438 coniecturas
588 2377 786 2452 Emporiana
809 2379 912 2440 vincit
935 2373 980 2439 τίν’
1007 2377 1066 2458 ἤδη
1090 2378 1142 2452 δὸς
1165 2395 1222 2454 pro
1245 2373 1291 2438 αι’
1310 2375 1420 2456 ηδηλσς
1444 2379 1479 2437 et
1499 2375 1642 2436 rorasse

363 2479 560 2554 recipienda.

321 2581 371 2642 Fr.
406 2583 480 2658 113,
514 2588 544 2642 4.
580 2579 672 2656 μόνος
702 2578 875 2662 ἀνευρηκὼς
905 2583 939 2654 (l.
963 2579 1161 2662 ἀνηυρηκύις).
1194 2581 1316 2659 Μόνος,
1345 2585 1383 2644 ui
1412 2595 1523 2656 saepe,
1563 2579 1594 2638 h.
1619 2577 1642 2638 l.

364 2681 530 2759 signifieat
552 2685 777 2762 praecipue
799 2687 851 2757 (ei.
876 2690 956 2748 nota
979 2687 1101 2749 locutio
1121 2685 1213 2764 μόνος
1232 2682 1282 2746 καί
1301 2692 1417 2763 πρῶτος
1436 2683 1507 2743 sive
1526 2688 1643 2759 πρῶτος

365 2781 414 2843 καί
438 2783 555 2860 μόνος),
578 2800 683 2860 neque
709 2787 809 2862 igitur
831 2788 931 2864 probo
950 2789 1068 2850 Naberi
1088 2789 1308 2850 coniecturam
1333 2794 1448 2863 πρῶτος
1470 2778 1643 2860 ἀνευρηκὼς

364 2890 491 2956 (eontra
513 2891 682 2958 numeros)
711 2891 769 2950 sut
798 2890 966 2965 Blaydesii
992 2899 1108 2969 πρῶτος
1132 2888 1277 2968 εὑρηκὼς,
1300 2922 1333 2931 -
1365 2888 1421 2948 Vs.
1446 2888 1465 2947 5
1490 2883 1666 2960 quamvis.

364 3003 483 3048 sanum
510 3003 563 3049 me
587 2988 674 3050 haud
696 2991 781 3051 satie
803 2991 995 3067 intellegere
1018 2990 1175 3054 confiteor
1197 3006 1256 3067 ope
1279 2990 1343 3052 loci
1366 2989 1458 3063 Diog.
1478 2988 1513 3048 L.
1537 2986 1565 3044 V
1588 2985 1642 3059 87,

364 3102 462 3162 quem
495 3089 592 3150 affert
626 3091 731 3165 Καρίῃ
768 3091 881 3167 ignoro
916 3094 1004 3155 enim
1039 3108 1103 3170 quo
1138 3108 1238 3155 sensu
1270 3089 1496 3168 accipiendum
1529 3087 1574 3148 sit
1607 3083 1644 3144 τά

364 3189 521 3264 κεφάλαια.

320 3291 371 3352 Fr.
399 3292 471 3352 115.
496 3292 575 3352 Mihi
599 3294 731 3367 quidem
755 3295 946 3370 neutiquam
969 3297 1134 3373 persuasit
1158 3296 1260 3357 Koclr.

320 3393 371 3454 Fr.
398 3393 470 3454 117.
495 3389 650 3473 διαυχῶνά
677 3410 735 3471 pro
760 3393 882 3472 ἐφύσων
904 3398 1001 3474 (quod
1025 3413 1144 3460 sanum
1168 3401 1230 3469 est)
1250 3400 1375 3460 temere
1395 3395 1459 3472 Bl.‚
1479 3394 1563 3456 etir.
1578 3393 1641 3453 121

371 3492 449 3566 (δὸς
473 3496 526 3556 vel
549 3492 628 3555 uui>
656 3494 786 3556 στειλεὰν
809 3497 981 3559 inutiliter.

320 3595 372 3654 Fr.
399 3595 473 3657 122.
831 3595 864 3659 τὸ
888 3594 921 3658 δὲ
939 3603 1157 3677 τυραννεῖν
1181 3596 1287 3659 ἐστιν

607 3694 627 3776 ἢ
650 3697 680 3757 τί
696 3717 767 3759 ποτε
790 3697 823 3759 τύ
846 3700 1030 3773 annuentem
1054 3697 1236 3762 ἀκολουθεῖν
1259 3696 1343 3777 ἔρις

609 3795 641 3857 ίν
664 3808 703 3882 τῷ
728 3801 849 3885 Λυκείῳ
872 3799 944 3876 μετὰ
967 3809 1128 3878 σοφιστῶν,
1151 3799 1207 3861 κτὲ.

362 3899 470 3960 Minus
501 3899 611 3974 inique
642 3900 748 3962 iudico
780 3903 820 3962 de
843 3897 960 3965 Koelrii
985 3904 1174 3964 coniectura
1198 3904 1363 3981 παρανοεῖν
1386 3897 1445 3960 ἐστι
1469 3896 1522 3975 δὴ,
1543 3912 1642 3972 quarn

364 4001 427 4076 Bt,
468 4001 523 4076 qui
565 4016 646 4063 num
682 4001 770 4062 illius
808 4005 1008 4064 sententiam
1051 4004 1254 4066 intellexerit
1287 4002 1383 4063 valde
1417 4002 1539 4063 dubito.
1575 3999 1646 4076 Qua

328 4159 329 4164 ,
363 4101 551 4176 suspicione
582 4103 743 4180 admissa,
769 4109 880 4166 verte:
913 4106 952 4165 id
979 4121 1076 4166 vero
1100 4106 1195 4181 (quod
1220 4119 1438 4181 aggressurus
1457 4106 1519 4173 est)
1538 4102 1642 4163 insa·

328 4184 433 4263 ''nia
456 4207 535 4280 est,
561 4207 632 4265 aut
655 4205 753 4279 quid
777 4207 944 4267 tandem
968 4208 1099 4268 serii?
1126 4209 1346 4268 Interesse
1370 4205 1490 4280 cupis
1510 4200 1642 4286 (ἐρᾳςΚ.

362 4320 422 4398 pro
445 4301 514 4382 ἔρις)
539 4306 753 4382 sophistis
776 4311 838 4368 ete.
865 4308 953 4383 Quae
976 4310 1148 4383 aptissime
1171 4309 1257 4370 dicta
1280 4308 1362 4368 milri
1382 4305 1513 4381 quidem
1533 4304 1642 4364 viden-

363 4409 417 4466 tur
440 4410 474 4466 et
497 4406 667 4469 lenissime
691 4412 846 4469 correcta.
871 4409 991 4470 Dubito
1015 4411 1128 4471 tamen
1152 4425 1233 4470 num
1256 4411 1344 4471 reete
1367 4423 1403 4468 ee
1427 4407 1547 4468 habeat
1569 4407 1644 4466 arti·

329 4588 331 4596 y
364 4506 457 4568 culus
480 4510 557 4568 ante
580 4508 757 4569 σπουδαῖον.
781 4510 867 4571 Num
891 4511 974 4572 forte
998 4511 1077 4571 fuit:

754 4608 773 4689 ἢ
796 4619 873 4683 πῶς
896 4632 968 4671 ποτε
991 4612 1200 4684 σπουδαῖονςί

364 4708 412 4768 Bl.
444 4705 500 4787 ἐρῶ
532 4713 600 4785 (pro
630 4707 715 4786 ἔρις),
744 4727 808 4785 quo
839 4728 941 4773 sensu
974 4727 1027 4773 me
1050 4712 1143 4774 latet.
1169 4747 1208 4756 -
1233 4713 1290 4773 Vs.
1315 4714 1346 4772 4.
1377 4705 1528 4792 λέγονθ’
1555 4709 1643 4770 male

364 4811 430 4870 coit
459 4825 534 4871 oum
565 4826 758 4886 praegresso
789 4823 956 4888 σοφιστῶν,
986 4830 1046 4875 nee
1070 4830 1185 4875 verum
1218 4805 1645 4888 superueniente,

363 4911 448 4994 quod
478 4927 497 4972 a
527 4913 652 4973 comico
683 4929 836 4975 sermone
868 4915 1023 4977 alienum.
1053 4915 1169 4990 Quidni
1195 4930 1272 4976 vero
1300 4911 1431 4992 λέγειν
1453 4907 1507 4972 e’?
1537 4913 1645 4972 (instit

325 5003 327 5010 ’
363 4999 628 5073 adolescentulus
657 5013 726 5090 ille,
759 5031 855 5088 quem
888 5021 981 5093 pater
1010 5017 1163 5078 seniorve
1187 5018 1315 5077 amicus
1338 5015 1378 5076 ab
1409 5013 1549 5089 argutiis
1578 5012 1642 5073 dia·
