3718 5788
987 470 1051 530 208

402 658 438 716 ut
468 656 566 730 vulgo
589 655 751 729 scribitur,
776 656 862 716 inter
883 671 919 716 se
942 657 1137 732 respondere
1160 651 1216 736 εἶχε
1238 659 1272 719 1ο
1295 675 1392 723 versu
1416 665 1524 738 priore
1548 671 1580 728 et
1603 666 1670 746 ἔστί,

401 758 485 832 quod
508 757 769 818 subaudiendum
794 757 827 818 in
850 759 1039 833 posteriore.
1064 760 1147 836 Ergo
1171 762 1376 835 scripserim:

945 858 1039 920 αὐτοῦ
1064 855 1091 920 d’
1118 854 1180 920 ἐσθ’
1206 857 1222 921 ὁ
1248 858 1360 940 <μὲν>

712 959 801 1031 ΐππος
824 960 977 1020 ταλάντων
999 957 1196 1023 πεντεκαίδεκ’
1222 960 1320 1036 ἄξιος,

710 1059 800 1132 αὐτὸς
823 1058 855 1120 δὲ
877 1066 993 1140 χαλκῶν
1017 1060 1096 1123 ἐστι
1120 1064 1288 1143 τιμιώτερος
1313 1077 1400 1144 τριῶν

355 1165 405 1226 Fr.
431 1167 506 1226 379.
531 1165 604 1224 Iure
628 1163 739 1224 Nauck
763 1163 784 1224 l.
805 1163 826 1223 l.
850 1178 1037 1226 sermonem
1061 1165 1222 1226 Graecum
1246 1170 1412 1242 postulare
1430 1175 1599 1235 contendit
1616 1174 1666 1252 την

318 1299 321 1305 ·
401 1264 534 1340 Καλυψὼ
558 1264 721 1344 ότερτδάν,
745 1266 855 1340 itaque
878 1267 998 1326 iniuria
1030 1267 1230 1329 hosversus
1254 1285 1271 1329 e
1297 1270 1443 1347 Procopii
1467 1273 1569 1350 Epist.
1600 1279 1666 1352 128,

397 1359 450 1430 ubi
475 1376 526 1430 est
548 1366 601 1444 rip
628 1369 653 1426 ll
685 1366 832 1442 παριδών,
854 1383 872 1427 a
897 1367 1021 1428 Koclrio
1042 1367 1168 1429 effictos
1185 1386 1274 1444 esse;
1300 1387 1381 1446 quae
1400 1389 1452 1434 res
1472 1374 1663 1451 latuitBlay-

395 1471 522 1531 desium
547 1486 577 1544 p.
602 1470 665 1528 268
690 1483 765 1528 cum
789 1469 878 1529 omni
902 1468 1040 1529 Nauokii
1065 1469 1218 1531 editionis
1242 1471 1429 1534 Kockiauae
1453 1491 1602 1538 censura.

349 1573 399 1632 Fr.
425 1573 499 1642 380,
527 1573 556 1631 2.
583 1567 749 1654 κεκτημένῳ
776 1571 873 1631 malit
897 1571 932 1631 B.

351 1675 400 1733 Fr.
427 1675 500 1733 381.
527 1674 563 1732 Α.
588 1667 718 1734 Palmer
742 1672 826 1747 apud
849 1672 898 1734 Bl.
922 1671 1053 1747 supplet
1077 1689 1094 1733 e
1117 1673 1378 1748 theophylacto:

660 1777 754 1831 τοῖσιν
777 1769 809 1832 δὲ
832 1777 958 1849 καρποῖς
980 1769 999 1850 ἡ
1023 1773 1122 1851 πάχνη
1145 1775 1319 1850 λυμαίνεται

660 1874 806 1952 τύραννος
830 1871 1030 1951 ἀπαραίτητος
1053 1874 1113 1948 ὥς,
1136 1873 1186 1934 καὶ
1209 1875 1278 1947 τοὺς
1306 1875 1454 1955 <ἓμοὺς>

659 1975 785 2048 ἱδρῶτας
809 1971 824 2034 ὁ
848 1974 937 2046 τάλας
960 1981 1020 2046 τοῖς
1044 1973 1165 2053 ἀνέμοις
1187 1964 1351 2054 χαρίζομαι.

393 2081 427 2139 In
453 2079 569 2154 quibus
592 2078 755 2152 sagaciter
777 2078 974 2151 excogitatis
998 2093 1072 2138 cum
1100 2078 1149 2138 Bl.
1173 2079 1254 2138 mihi
1279 2079 1428 2155 displicet
1450 2085 1662 2158 postpositum

390 2198 409 2240 a
432 2185 530 2256 poeta
553 2180 678 2240 comico
702 2175 755 2250 ὡς,
778 2193 878 2252 quare
902 2179 1043 2240 fortasse
1067 2182 1232 2255 praestat:

569 2281 715 2356 τύραννος
739 2276 938 2356 ἀπαραίτητος
962 2271 1074 2354 οὖσα,
1096 2281 1165 2352 τούς
1181 2275 1242 2340 ·<τ’
1270 2278 1386 2358 spolio>
1416 2281 1472 2343 κτὲ.

390 2384 470 2445 Cum
515 2399 562 2443 vs.
599 2383 618 2441 4
661 2397 814 2457 compara
851 2382 1060 2456 proverbium
1099 2381 1229 2458 ἀνέμους
1264 2381 1427 2461 (ἀνέμοτςῖ)
1459 2393 1597 2467 γεωργεῖν
1629 2391 1659 2448 in

390 2487 428 2546 lr.
461 2487 536 2546 840.

346 2589 395 2646 Fr.
428 2588 502 2646 382.
539 2585 772 2660 corrigendum
808 2600 880 2646 esse
915 2583 1057 2656 δισντκῶς
1092 2585 1171 2646 olim
1207 2587 1330 2648 monui.
1366 2587 1581 2650 Hellenistica
1613 2593 1662 2651 est

389 2690 495 2750 fornia
518 2687 671 2762 διηνεκῶς.

344 2791 394 2849 Fr.
419 2791 494 2849 383.
536 2789 732 2862 Suspectum
768 2789 820 2846 est
856 2784 1073 2864 ἀντττιδόκητον
1107 2803 1165 2863 pro
1200 2785 1441 2867 ἀπροσδόκητον,
1479 2791 1562 2864 quod
1597 2793 1663 2852 iure

387 2892 523 2965 requirit
545 2890 592 2950 Bl.
625 2888 708 2948 Nam
742 2886 885 2947 ἀττδοκάν
916 2889 1051 2949 verbum
1084 2889 1243 2950 Graecum
1268 2905 1333 2951 non
1357 2894 1421 2964 est,
1446 2891 1558 2966 itaque
1582 2893 1664 2954 adie-

386 2995 511 3053 ctivum
541 2991 615 3051 inde
646 2991 825 3050 formatum
858 3005 963 3063 neque
993 2991 1026 3049 in
1058 2992 1224 3051 Simonide
1255 3007 1359 3066 neque
1387 2993 1419 3051 iu
1444 2993 1545 3052 attico
1569 3000 1664 3068 poeta

385 3095 461 3155 ferri
491 3095 610 3169 potest.
646 3093 689 3151 At
720 3089 775 3150 οόκ
802 3089 880 3149 ἔστιν
911 3089 1138 3168 ἀπροσδόκητον
1161 3109 1225 3153 non
1248 3093 1358 3154 ierunt
1380 3095 1526 3168 numeri,
1550 3095 1661 3169 itaque

383 3196 471 3256 aliud
502 3195 597 3270 latet,
629 3194 684 3253 sed
718 3193 805 3252 iusto
841 3192 1036 3253 violentiora
1069 3195 1147 3254 sunt
1181 3209 1264 3267 quae
1295 3195 1403 3254 tentat
1436 3194 1587 3268 Blaydes.
1624 3197 1659 3256 In

384 3298 534 3372 promptu
559 3310 635 3356 vero
658 3298 710 3354 est
733 3295 938 3354 coniectura:

559 3395 614 3455 οὐκ
638 3389 690 3452 ἔστ’
716 3391 911 3469 ἀδόκητον
940 3390 1089 3456 <οὐδὲν>
1118 3391 1293 3468 ἀνθρώποις
1318 3394 1421 3454 κακόν.

383 3498 497 3559 Nihil
540 3512 617 3557 non
661 3494 761 3554 mali
802 3494 849 3554 ab
885 3495 1131 3556 hominibus
1165 3496 1384 3572 expectari
1419 3500 1575 3572 potest.
1613 3498 1657 3558 De

380 3601 559 3674 posteriore
579 3613 674 3657 versu
696 3595 759 3656 vid.
781 3595 956 3672 Koolrium,
979 3597 1071 3656 cuius
1091 3597 1314 3656 coniecturam
1335 3597 1508 3675 μεταβάλλει
1527 3598 1576 3658 Bl.
1590 3599 1656 3658 iure

380 3703 521 3776 praefert
541 3700 635 3760 alteri
655 3695 828 3775 μττσρίτστει.
850 3696 1001 3758 Ceterum
1022 3713 1078 3758 our
1098 3699 1159 3758 viri
1180 3699 1266 3759 docti
1286 3701 1410 3760 comico
1430 3701 1655 3775 potiusquam

380 3805 503 3878 tragico
534 3803 649 3875 poetae
680 3802 738 3859 aut
768 3799 940 3874 Simonidi,
972 3802 1023 3859 cui
1047 3800 1246 3876 Theophilus
1269 3803 1430 3876 assignat,
1455 3801 1517 3862 hos
1540 3817 1655 3862 versus

379 3906 522 3964 tribuant
556 3918 610 3961 me
644 3901 774 3974 quidem
810 3901 904 3976 latet,
938 3907 972 3960 et
1002 3902 1030 3960 si
1061 3905 1148 3962 recte
1180 3899 1328 3976 ἀδόκητον
1359 3903 1497 3976 conieci,
1531 3902 1654 3976 tragico

377 4008 560 4066 adscribere
590 4019 656 4063 non
683 4003 870 4062 dubitarim.
907 4001 953 4063 Cf.
979 4003 1075 4078 Soph.
1103 3985 1185 4063 O.C.
1212 4003 1287 4076 245,
1312 4002 1386 4063 Eur.
1410 4003 1530 4063 Bacch.
1559 4003 1651 4078 1389,

377 4108 447 4166 Hel.
477 4108 570 4180 1707,
596 4107 656 4165 etc.
690 4138 718 4145 —
748 4105 785 4164 In
820 4119 918 4179 prosa
945 4105 1037 4163 solus
1069 4119 1110 4163 ex
1138 4104 1378 4176 antiquioribus
1407 4104 1529 4165 saltem
1553 4106 1651 4166 Thuc.

376 4209 419 4267 lV
443 4210 484 4268 36
510 4206 689 4282 usurpavit.
715 4204 921 4266 comicorum
947 4206 1097 4265 adhibuit
1121 4220 1228 4267 nemo.

334 4311 381 4369 Fr.
403 4311 477 4382 348,
500 4311 528 4368 2.
550 4309 662 4366 Editur
683 4322 724 4366 err
743 4306 881 4366 Useneri
902 4307 1090 4367 coniectura
1102 4309 1200 4388 πολλῷ
1218 4303 1338 4382 μέτρον,
1355 4307 1402 4381 at,
1424 4309 1453 4365 si
1465 4307 1651 4367 comoediae

375 4416 462 4469 recte
486 4411 519 4468 bi
544 4424 659 4468 versus
684 4408 885 4482 tribuuntur,
911 4408 1070 4467 articulus
1094 4407 1211 4467 abesse
1231 4421 1295 4466 non
1314 4408 1435 4482 potuit,
1456 4422 1516 4467 nec
1536 4408 1651 4490 melior

375 4513 501 4571 videtur
535 4510 700 4583 Schoellii,
736 4525 834 4582 quarn
871 4514 1110 4569 commemorat
1146 4508 1250 4582 Koch,
1286 4509 1484 4569 coniectura.
1517 4510 1649 4569 Accedit

371 4611 554 4670 sententiae
582 4611 728 4683 exilitas;
753 4613 949 4684 quapropter
972 4610 1060 4669 aliud
1091 4625 1110 4669 a
1134 4591 1230 4683 poeta
1250 4609 1431 4684 profectum
1453 4625 1528 4670 esse
1547 4611 1648 4685 suspi-

372 4728 436 4786 cor,
460 4712 517 4771 sed
542 4712 609 4785 apti
633 4711 715 4771 nihil
739 4711 821 4770 mihi
845 4711 1016 4770 succurrit.

324 4814 375 4872 Fr.
400 4814 475 4886 386,
503 4814 530 4871 1.
561 4810 592 4870 τὸ
623 4811 716 4887 στόμα
747 4810 1016 4887 παρεστραμμὲνος.
1046 4812 1208 4872 Numeros
1233 4811 1318 4871 male
1342 4812 1475 4885 corrigit
1499 4811 1547 4872 Bl.
1572 4813 1644 4872 scri·

369 4914 472 4974 bendo
495 4913 527 4971 τδ
551 4909 627 4989 στόμ’
663 4912 736 4990 ἔχων
755 4910 963 4990 ἐστραμμένον.
995 4914 1095 4973 Multo
1124 4913 1243 4974 melius
1267 4911 1370 4988 Koch,
1396 4914 1454 4974 sed
1478 4915 1552 4974 stra
1575 4914 1644 4974 cali·

367 5016 442 5089 gine
465 5015 623 5088 premitur
646 5014 821 5074 sententia.
849 5045 887 5054 ..
913 5014 968 5073 Vs.
996 5016 1025 5074 2.
1046 5014 1141 5074 Haud
1166 5012 1425 5088 improbabiliter
1449 5014 1498 5075 Bl.
1522 5013 1642 5089 δοσειδῆ
