3748 5792
957 436 999 496 88

317 628 368 688 Fr.
396 627 469 702 181,
498 629 524 686 1.
555 623 705 698 θυννίδος
728 640 788 701 pro
811 623 967 696 θυννάδος
991 623 1106 684 malim
1131 639 1206 685 cum
1230 626 1295 700 Bl.,
1319 626 1375 700 qui
1398 625 1479 685 illud
1501 624 1636 699 septies,

363 728 423 790 boc
457 727 535 788 alibi
570 742 733 803 nusquam
769 727 803 787 in
837 726 1006 788 comoedia
1038 726 1104 801 lagi
1138 726 1309 802 observat;
1341 742 1389 788 vs.
1421 728 1440 786 2
1474 729 1637 801 ,ιαιιιοιοῑς

362 831 489 907 poetice
522 845 580 905 pro
618 833 747 899 κνιστοῖς
782 829 928 905 (Antipn.
963 828 1010 888 HI
1044 830 1112 904 44),
1156 829 1335 908 στεγάσμασι
1373 843 1430 904 pro
1468 829 1636 903 καλύμμασι

362 930 580 1005 (antipam
605 931 692 1001 21).”
717 930 767 990 Bl.

317 1035 368 1096 Fr.
396 1035 468 1111 182,
493 1035 523 1094 2.
559 1032 638 1094 llire
672 1031 800 1093 fallitur
829 1031 879 1094 Bl.
910 1029 1100 1108 ἰσοτράπεζος
1131 1031 1185 1092 bic
1208 1031 1385 1106 producere
1408 1035 1571 1106 sputans.
1599 1063 1632 1072 -

315 1201 320 1208 ,
360 1135 484 1214 εὐγενής
506 1135 563 1194 vix
587 1138 776 1210 corruptum
798 1133 937 1209 videtur,
963 1148 1020 1207 pro
1045 1149 1108 1208 quo
1132 1133 1224 1194 Kock
1247 1131 1387 1209 εὐαινής,
1417 1133 1466 1193 31.
1490 1129 1637 1208 εὐπρεπής

360 1239 612 1315 proposuerunt,
637 1251 699 1296 nec
721 1249 770 1295 vs.
795 1235 814 1294 3
835 1235 1060 1296 necessarium
1086 1235 1215 1295 videtur
1237 1231 1375 1313 γηγενές,
1396 1232 1461 1306 ζίον
1481 1233 1640 1307 corrigere

362 1355 439 1402 cum
461 1339 587 1400 Nabero
606 1339 665 1398 aut
685 1332 822 1416 γηγενές,
853 1333 925 1406 ζέον
948 1351 1022 1396 curn
1047 1336 1238 1410 Blaydeslo;
1259 1340 1391 1412 propter
1409 1349 1638 1410 praegressum

361 1439 480 1518 θρέμμα
514 1440 667 1502 librarius
700 1439 811 1516 potius
842 1439 874 1500 iu
905 1439 1102 1500 contrariam
1135 1442 1264 1515 partem
1294 1441 1479 1514 peccasset,
1509 1436 1567 1497 sed
1597 1437 1638 1496 ci.

309 1589 312 1595 ι
360 1542 483 1626 εὐγενής
500 1543 543 1615 (2)
567 1545 599 1603 et
623 1540 777 1620 κάκκαβον
801 1543 854 1611 (4).

316 1645 368 1706 Fr.
395 1645 468 1720 183,
493 1645 524 1704 2.
559 1643 700 1722 βρώματα
731 1658 788 1718 pro
820 1641 978 1722 πράγματα
1001 1643 1149 1719 speciosa
1172 1642 1221 1704 Bl.
1245 1642 1292 1704 Oi.
1317 1646 1430 1704 tamen
1455 1641 1639 1717 1111111111.

364 1746 448 1807 1399
479 1744 514 1804 τὰ
543 1744 647 1805 κύνεια
679 1742 825 1822 μ(ε)ιγνὺς
856 1748 917 1816 τοῖς
946 1739 1055 1816 ὀνείοις
1089 1742 1275 1824 πράγμασιν,
1309 1746 1364 1807 ubi
1396 1747 1466 1821 ipsa
1494 1745 1528 1806 in
1555 1745 1639 1804 Mne·

231 1901 235 1908 .
360 1862 500 1922 mosyne
534 1846 722 1925 φάργμαοιν,
751 1845 1073 1922 farcimiuibus,
1110 1848 1275 1922 proposui.
1317 1847 1379 1909 Pro
1415 1845 1518 1922 δοαεῐα
1552 1846 1640 1907 idem

358 1951 446 2010 recta
469 1945 573 2026 ἄρνεια
595 1947 765 2024 amandat,
792 1949 825 2008 et
848 1963 897 2009 vs.
924 1949 942 2008 7
967 1949 1091 2022 optime
1113 1948 1237 2010 refutat
1259 1949 1437 2024 Koclrium,
1458 1949 1546 2010 idem
1568 1961 1643 2008 essa

358 2048 476 2128 κράμβη
500 2053 535 2111 et
557 2048 694 2126 ῥάφανος
719 2048 803 2120 (coll.
829 2049 936 2125 Apoll.
962 2049 1033 2110 (lar.
1058 2048 1102 2109 IV
1126 2051 1201 2120 449)
1225 2065 1375 2112 monens.

314 2151 365 2212 Fr.
393 2152 466 2227 181,
491 2153 510 2212 δ
534 2166 582 2226 sq.
618 2151 709 2212 Inter
743 2153 921 2225 utrumque
955 2150 1110 2227 verbnm,
1145 2153 1184 2212 ut
1218 2152 1416 2228 scribuntur,
1451 2165 1555 2228 prava
1591 2152 1645 2210 est

269 2239 271 2244 ’
357 2253 534 2328 oppositio,
563 2268 664 2327 quare
696 2255 793 2314 teneo
826 2254 974 2313 veteram
1006 2267 1116 2313 meam
1148 2252 1387 2329 coniecturam,
1420 2255 1478 2314 aut
1504 2255 1643 2328 μαλακῶς

359 2349 398 2412 δὲ
423 2353 604 2414 δειπνεῖν
630 2369 678 2415 vs.
704 2357 724 2415 6
749 2354 959 2414 scribendum
991 2368 1064 2414 esse
1089 2355 1147 2414 aut
1170 2356 1280 2415 totum
1303 2369 1437 2415 versum
1461 2351 1644 2427 Antiphani

359 2454 622 2517 abiudicandum.

316 2558 367 2618 Fr.
396 2558 470 2634 188,
498 2559 527 2618 l.
552 2555 642 2637 ἔγωγε
664 2553 737 2634 πρὶν
761 2564 819 2616 τῶν
843 2553 992 2635 ὑμετέρων
1019 2555 1168 2620 <σίτοον>
1195 2561 1314 2636 φαγεῖν,
1337 2572 1402 2619 non
1426 2556 1525 2616 male.
1549 2553 1596 2614 Bl.

316 2659 367 2720 dr.
394 2659 467 2735 190,
494 2660 524 2720 2.
557 2653 688 2738 ἐλογίζετ’
721 2655 810 2718 ἔνδον
830 2657 1013 2738 πραγμάτων
1035 2657 1084 2719 Bl.
1109 2660 1154 2720 nt
1176 2655 1279 2736 ἔνδον,
1301 2658 1387 2734 quod
1410 2656 1523 2733 procul
1545 2654 1645 2716 dubio

360 2773 500 2821 secum
523 2774 599 2821 esse
623 2759 743 2836 voluit,
768 2759 1010 2821 Graece-verbo
1032 2759 1203 2838 λογίζεσθαι
1224 2760 1453 2834 similibusque
1472 2773 1536 2818 non
1555 2755 1641 2817 addi·

358 2864 423 2922 tur.
448 2861 694 2923 incertissimas
718 2860 863 2934 reliquae
886 2875 1014 2935 quoquc
1036 2863 1115 2921 sunt
1139 2861 1355 2922 coniecturae.
1380 2895 1419 2903 —
1446 2859 1503 2920 Vs.
1529 2861 1568 2918 11
1591 2873 1642 2932 sq.

359 2961 455 3038 μάνην
475 2960 480 3041 Ι
501 2958 580 3039 ἡμᾶς
611 2963 660 3025 Bl.
688 2997 726 3007 -
752 2962 807 3022 Vs.
844 2964 893 3023 14.
929 2969 1084 3039 νησιωτῶν
1117 2962 1311 3038 imprudens
1345 2976 1476 3023 mecum
1512 2958 1642 3034 scribit,

359 3064 482 3124 addens
508 3065 679 3139 analogiae
709 3066 912 3131 contrarium
937 3079 1011 3126 esse
1034 3064 1207 3142 νοοίαοχος,
1234 3080 1291 3141 pro
1314 3079 1378 3139 qno
1401 3063 1549 3141 νήοαοχος
1571 3075 1642 3136 pos·

357 3166 490 3241 tutetur,
515 3183 580 3242 qua
603 3168 636 3228 in
660 3183 694 3228 re
718 3167 854 3241 fallitur,
882 3171 917 3227 ut
939 3170 1077 3242 apparat
1096 3181 1139 3226 ax
1158 3167 1267 3228 titulis
1286 3166 1400 3244 Deliis,
1421 3165 1487 3227 vid.
1500 3163 1644 3224 Lexicon

360 3282 472 3328 meum
494 3269 601 3344 suppl.
626 3271 660 3328 at
683 3268 760 3329 dial.
784 3285 811 3330 s.
838 3284 867 3329 v.
891 3284 921 3344 p.
947 3269 1022 3330 558.
1051 3269 1084 3328 Si
1109 3273 1222 3330 antem
1245 3272 1334 3330 racto
1356 3268 1567 3342 Antiphanes
1589 3265 1642 3335 (ci.

359 3369 454 3430 blein.
479 3369 565 3430 Hist.
589 3368 679 3440 (luit.)
703 3370 768 3430 iam
794 3371 976 3431 decessisse
1004 3385 1033 3430 a.
1059 3371 1123 3430 328
1148 3386 1176 3431 a.
1202 3370 1287 3447 Oba,
1311 3373 1345 3432 at
1369 3369 1641 3442 nesiarcbus,

357 3470 584 3530 insulanorum
616 3472 765 3532 consiliis
795 3472 996 3548 praelectus,
1026 3487 1045 3533 a
1068 3473 1213 3548 Lapidis,
1239 3488 1379 3547 quorum
1406 3473 1534 3549 primus
1557 3485 1643 3531 anno

358 3572 493 3632 demum
519 3573 584 3632 323
615 3574 723 3649 coepit
754 3589 906 3650 regnare,
939 3577 1071 3634 creatus
1101 3589 1177 3635 essa
1207 3575 1359 3650 creditur,
1385 3575 1643 3634 consentancum

359 3674 411 3734 est
441 3675 498 3733 aut
528 3676 750 3738 coniecturam
780 3692 889 3738 meam
916 3692 1143 3752 rammasse,
1172 3680 1230 3738 aut
1252 3677 1374 3738 falsam
1397 3676 1490 3736 illam
1513 3677 1643 3736 senten·

358 3775 457 3848 tiam;
489 3775 553 3835 nisi
584 3777 670 3840 forta
700 3779 915 3839 statuendum
943 3780 996 3838 est
1019 3777 1243 3853 Antiphonem
1267 3777 1398 3852 longius
1421 3777 1525 3838 vitam
1548 3791 1644 3837 suam

359 3877 572 3952 protraxisse.
595 3912 634 3921 -
661 3879 698 3938 ln
730 3880 844 3940 eodem
877 3895 975 3941 versu
1006 3882 1094 3940 recte
1122 3879 1284 3941 Headlam
1317 3879 1455 3940 coniecit
1485 3873 1554 3949 ίοτ’;
1583 3875 1643 3936 ἔδει

360 3993 417 4053 pro
444 3974 515 4048 ἒστίς
548 3977 601 4038 δεῖ.
629 4013 668 4024 -
694 3979 749 4041 Vs.
774 3983 823 4043 16.
857 3990 913 4040 νῦν
936 3980 992 4060 γὰρ
1025 3981 1076 4042 vel
1109 3979 1177 4041 νυνὶ
1207 3976 1239 4041 dl
1262 3980 1359 4042 malit
1389 3981 1437 4041 Bl.
1461 3983 1495 4041 81
1525 3979 1643 4057 Μάχων

360 4080 394 4140 et
419 4078 457 4139 17
482 4076 590 4151 καύτὸς
612 4080 664 4141 vel
685 4078 735 4140 acl
755 4079 829 4158 πρὸς
850 4088 918 4158 (pro
938 4080 999 4153 καὶ)
1023 4083 1075 4143 vel
1095 4080 1320 4161 κάριστογείτων
1339 4082 1440 4158 idem,
1460 4095 1642 4155 numquam

360 4193 427 4240 una
449 4179 640 4241 coniectura
663 4186 848 4245 contentus.
863 4217 904 4228 -
917 4182 973 4244 Vs.
994 4184 1046 4244 21.
1071 4185 1162 4245 Idem
1183 4184 1307 4246 dudum
1327 4186 1404 4259 post
1422 4197 1476 4244 ma
1496 4181 1570 4242 είοιν
1585 4197 1646 4257 pro

359 4271 444 4358 ἦσαν.
468 4280 629 4342 Videlicet
651 4298 711 4357 ego
742 4288 799 4345 aut
830 4285 892 4345 boc
915 4285 1038 4346 conieci
1062 4288 1119 4345 aut
1146 4285 1320 4347 delendum
1345 4301 1418 4348 esse
1441 4276 1533 4362 ἦσαν,
1557 4284 1642 4358 qnod

360 4382 461 4444 etiam
485 4381 685 4456 probabilius
709 4387 848 4447 videtur.

316 4485 367 4548 Fr.
396 4485 469 4561 191,
497 4495 527 4554 5.
553 4499 612 4574 φῇ,
635 4503 680 4550 sc.
701 4483 716 4547 δ
736 4484 877 4564 ποιητής,
894 4502 952 4563 pro
972 4495 1020 4563 φο
1041 4489 1215 4549 verissime
1235 4488 1404 4549 Richards.
1419 4521 1458 4530 -
1474 4487 1528 4548 Vs.
1545 4487 1594 4548 18.
1608 4483 1645 4546 ιὰ

360 4589 586 4675 διῳκημένα
621 4587 774 4665 πρότερον.
807 4589 966 4664 Proposui
993 4588 1071 4649 olim
1101 4587 1341 4673 διῳχημένα,
1371 4590 1391 4650 1.
1406 4603 1433 4650 e.
1462 4603 1546 4664 quae
1573 4589 1642 4648 dra-

360 4693 461 4753 matis
480 4692 630 4768 pcraonis
650 4689 791 4750 antebac
811 4690 997 4751 acciderant
1014 4694 1048 4751 et
1067 4691 1306 4766 spectatoribus
1324 4692 1512 4754 necessario
1524 4693 1645 4767 exponi

359 4793 493 4872 debent,
524 4795 561 4855 ut
584 4791 755 4865 Euripides
779 4791 983 4866 tragicorum
1006 4792 1203 4868 Antiphonis
1226 4797 1337 4855 aetate
1359 4794 1479 4871 populo
1502 4793 1643 4854 dilectis·

359 4895 466 4956 simus
498 4895 582 4957 satis
617 4891 744 4969 prolixe
773 4892 880 4953 facere
910 4893 1048 4970 assolet,
1081 4896 1213 4968 qualem
1242 4897 1445 4957 sententiam
1468 4895 1645 4972 imperiose

360 4998 527 5074 postulant
559 4997 633 5073 ipsa
662 4994 834 5070 sequentia
863 4991 899 5054 αδι
929 5001 988 5054 νον
1012 4995 1155 5073 παρόντα.
1191 4996 1294 5072 Quam
1326 4998 1550 5060 coniecturam
1572 5012 1643 5073 pro·
