3778 5796
979 487 999 544 6

331 674 381 735 Fr.
409 676 481 735 146.
506 672 682 748 Headlam,
708 671 780 734 coll.
804 671 908 733 sobol.
932 670 1015 732 Nub.
1040 671 1120 732 984:

484 771 631 853 οὔτεγὰρ
655 771 815 850 Κηκεέδεια
835 767 899 832 τάδ’
927 767 1019 833 οὐκέτ’
1046 766 1115 833 οὔθ’
1141 764 1190 832 oin
1211 769 1282 831 τάπὶ
1308 769 1483 849 Χαριξένης.

372 877 530 951 Blaydes:
563 875 600 936 οὐ
632 873 673 952 μά
705 875 763 934 Δία
792 869 870 934 ταῦτ’
896 868 959 934 ἔσθ’
986 867 1035 936 οἷα
1057 871 1114 934 xri.
1138 874 1439 936 Grammaticorum
1462 874 1542 934 vilia
1565 889 1651 935 com·

372 982 486 1039 menta
510 993 583 1039 esse
606 992 689 1053 quae
715 977 754 1038 de
778 976 964 1038 Oborixena
985 980 1122 1039 narrant
1144 977 1264 1037 merito
1287 976 1442 1037 videntur
1466 977 1501 1037 0.
1523 975 1654 1052 Orusio,

372 1095 492 1142 nomen
527 1083 639 1142 autem
670 1079 784 1141 fictum
817 1094 891 1140 esse
916 1081 954 1139 ut
977 1077 1073 1153 Δεξά,
1101 1078 1210 1156 Aspre,
1235 1077 1431 1156 Πασιχάρεια,
1455 1078 1593 1154 similia,
1619 1084 1654 1143 et

372 1182 550 1244 formulam
580 1174 629 1242 οἱα
659 1179 729 1240 ιάπά
761 1177 928 1257 Χαριξένης
958 1179 1142 1254 significare
1170 1177 1286 1256 ἀμισθί.
1309 1179 1371 1240 Hic
1393 1179 1461 1240 illis
1487 1182 1521 1240 et
1543 1179 1652 1240 lenius

373 1286 407 1345 et
429 1284 556 1345 felicius
580 1283 730 1359 corrigit:

417 1379 485 1444 οὐκ
507 1383 544 1443 i'd
552 1377 569 1443 ι’
595 1380 688 1444 dna
707 1389 795 1456 (cum
819 1383 926 1452 Mein.)
951 1377 1076 1443 κούκέτ’
1104 1376 1170 1442 ὄνθ’
1195 1374 1245 1443 οἷοι
1268 1379 1338 1441 τάπὶ
1362 1380 1548 1461 Χαριξένηςς

328 1488 348 1548 1.
373 1501 401 1548 e.
425 1502 561 1548 nonne
591 1487 696 1557 (vobis
727 1486 840 1556 cecini)
871 1500 978 1546 nova
1004 1485 1207 1560 quaedam
1232 1483 1337 1545 mibi
1360 1485 1534 1561 propria
1556 1498 1652 1545 esse

373 1604 503 1664 eaque
538 1603 800 1663 nequaquam
842 1587 973 1648 vilia?
1003 1587 1119 1647 eodem
1151 1601 1252 1647 sensu
1288 1600 1352 1660 quo
1385 1602 1446 1662 ego
1477 1585 1652 1662 aliquando

371 1691 544 1752 tentabam
569 1689 761 1752 violentius:

648 1787 739 1849 καινὰ
762 1789 832 1850 τάδε
856 1783 976 1851 κούκέθ
1005 1781 1054 1850 oin
1077 1786 1147 1848 τάπὶ
1171 1785 1347 1867 Χαριξένης.

370 1892 516 1954 dilabi.
534 1892 746 1971 Ἀριστοφάνης
765 1886 810 1952 οὗ
829 1888 872 1951 τὰ
894 1889 991 1951 κατὰ
1014 1889 1175 1968 μισθόν,
1200 1884 1260 1949 ἀλλ’
1283 1882 1348 1950 οἷον
1367 1888 1418 1949 ani
1436 1888 1533 1951 dila
1556 1891 1652 1952 τινά.

327 1995 378 2056 Fr.
406 1997 479 2056 151.
503 1994 539 2057 0.
564 1994 698 2056 drusius
720 1998 891 2071 praeterea
913 1995 1009 2055 affert
1031 1991 1150 2055 Zenob.
1175 1995 1253 2054 Ath.
1276 1993 1292 2053 1
1315 1995 1358 2054 73
1382 1984 1405 2052 d
1425 1993 1580 2054 Λακιάδαι
1601 1992 1652 2055 παὶ

371 2095 660 2174 σιειλεοιέ...δῆμος
691 2094 724 2156 δέ
754 2094 813 2156 ἔστι
845 2099 973 2174 Ἀττικῆς
1004 2092 1322 2156 effrenabuntur
1340 2093 1506 2174 ῥαφανίδες
1529 2096 1653 2176 μεγάλαι

370 2197 513 2278 γίνονται·
544 2199 664 2271 τούτοις
688 2194 720 2258 δέ
749 2207 877 2277 χρῶνται
907 2195 982 2257 κατὰ
1012 2205 1071 2256 τῶν
1099 2194 1280 2274 ληφθέντων
1304 2205 1415 2276 μοιχῶν
1435 2194 1652 2277 ἐφυβρίζοντες.

373 2300 500 2376 ,Maras
530 2316 646 2375 nugae.
679 2300 909 2361 Aristodemus
938 2301 976 2359 ut
1004 2296 1232 2376 λακκόπραιτος
1264 2301 1297 2360 et
1319 2299 1539 2378 λακαταπύγων
1566 2300 1654 2362 inter

370 2402 529 2463 Laciadas
553 2405 661 2464 artem
683 2417 780 2463 suam
804 2399 943 2463 debebat
965 2401 1154 2462 exercere.¹’
1178 2400 1331 2476 Egregie!

328 2504 378 2565 Fr.
408 2504 469 2564 152
494 2503 544 2564 Β1.
571 2503 646 2581 πρὸς
668 2499 701 2562 δέ
723 2496 833 2562 παιδίιέ
860 2492 899 2561 αὖ
923 2499 1030 2581 τρέπει.

326 2605 378 2666 Fr.
406 2607 479 2666 153.
504 2605 595 2666 Koclr
623 2603 807 2683 ,deceperat
827 2604 917 2680 due,
939 2607 974 2664 at
996 2605 1030 2663 in
1050 2604 1245 2664 hexametro
1264 2619 1329 2664 non
1349 2605 1441 2665 locus
1460 2607 1513 2665 est
1527 2605 1654 2667 formae

369 2707 530 2767 doricae.¹'
547 2706 737 2782 Respondet
756 2704 893 2766 Cresius
918 2710 973 2781 ,at
992 2704 1099 2780 Hippo
1118 2705 1288 2780 Rheginus
1307 2707 1575 2769 traducebatur¹’.
1594 2707 1653 2769 Oui

369 2822 430 2883 ego
464 2810 519 2884 ,at
548 2805 714 2886 ἀριθμαιός
746 2822 811 2868 non
839 2810 891 2868 est
921 2807 1029 2868 forma
1051 2807 1175 2882 dorica,
1202 2809 1260 2868 sed
1285 2809 1549 2887 pseudo-dorica,
1575 2825 1652 2871 nam

371 2909 411 2970 ab
435 2907 577 2989 ἀριθμεῖν
601 2911 686 2986 apud
710 2910 813 2971 Dores
836 2911 952 2971 eadem
977 2925 1060 2985 quae
1080 2910 1165 2985 apud
1184 2910 1267 2971 alios
1294 2927 1410 2973 omnes
1434 2912 1654 2974 descendebat

371 3012 483 3073 forma
507 3009 683 3090 ἀριθμητός.

325 3114 376 3173 Fr.
405 3115 477 3174 154.
509 3113 622 3174 Nauck
650 3113 740 3173 addit
771 3113 859 3174 Suid.
884 3128 910 3174 s.
935 3129 966 3174 v.
992 3109 1234 3190 ἐπιλησμότατον.
1261 3147 1300 3158 -
1328 3115 1377 3175 Β1.
1403 3110 1581 3192 έπιλησμοσῖ
1603 3138 1652 3192 μν.

370 3215 461 3289 epico
484 3231 546 3276 usu
571 3217 694 3275 tuetur.

325 3315 376 3377 Fr.
403 3317 477 3378 158.
502 3317 732 3377 Audacissime
751 3316 799 3376 Β1.
823 3310 925 3394 γέγηθ’
955 3314 1070 3394 (ἐγὼ)
1098 3314 1149 3376 τὸν
1173 3310 1254 3394 ἄνδρ’
1286 3313 1397 3396 (ὁρῶν
1423 3315 1650 3395 σεσνρμένον).

371 3416 463 3478 'Falla
485 3418 655 3479 emendari
679 3420 855 3492 nequeunt.

327 3520 378 3579 Fr.
406 3521 479 3581 162.
504 3517 766 3595 ἀιποάκα>σμὸς
791 3519 956 3593 Hesychio
980 3520 1085 3581 reddit
1108 3520 1260 3594 Blaydes.

326 3621 377 3682 Fr.
406 3623 479 3698 165,
505 3622 523 3681 2
547 3637 596 3696 sq.
628 3619 660 3681 ἐν
691 3625 785 3681 τοῖσιν
820 3619 956 3700 ἀγροῖσιν
977 3615 981 3703 Ι
1002 3621 1044 3694 εἰς
1079 3619 1133 3699 την
1164 3625 1254 3700 γαῖαν
1285 3621 1499 3700 ιιαιεβάλλονιο
1531 3622 1654 3698 absque

370 3723 439 3784 ulla
462 3723 691 3800 probabilitate
715 3723 779 3800 Β1.,
801 3724 856 3799 qui
879 3713 949 3784 non
969 3723 1089 3784 melius
1113 3725 1221 3785 tentat
1243 3724 1281 3784 ir.
1309 3725 1371 3785 166
1396 3727 1429 3785 et
1455 3726 1529 3786 169.
1580 3805 1583 3814 ⁴

326 3825 377 3886 Fr.
406 3827 478 3887 170.
510 3823 660 3903 ἀνειμένοι
682 3841 740 3901 pro
764 3821 902 3901 ἀνέμενον
926 3825 976 3886 Β1.
1000 3825 1047 3886 De
1071 3829 1178 3886 metro
1202 3841 1267 3887 non
1291 3829 1432 3888 constat.

326 3927 378 3988 Fr.
405 3927 478 3988 176.
510 3926 672 4002 Didymus
704 3927 848 4003 explicat
878 3923 910 3986 έιι
942 3935 1111 4005 μεταφορᾶς
1142 3924 1235 3986 οέονεέ
1258 3925 1329 4006 ἔργα
1351 3926 1403 3988 καὶ
1426 3927 1560 4005 πράξεις,
1583 3943 1653 4004 pro·

372 4027 471 4089 bante
495 4028 530 4090 Ο.
558 4028 682 4089 drusio.

327 4128 379 4189 Fr.
405 4130 478 4205 181,
506 4131 533 4191 1.
556 4129 642 4190 Olim
666 4145 726 4204 ego
743 4126 947 4207 ἐπαναθρὲξαι
972 4131 1044 4200 (boc
1067 4133 1144 4191 ante
1168 4130 1401 4202 Fritzscbiuml
1418 4166 1456 4175 -
1471 4125 1577 4202 σαν’ς
1601 4129 1653 4191 τὸν

370 4229 474 4310 λόγον,
494 4234 610 4306 postea
627 4231 723 4306 (quod
739 4230 899 4308 hodieque
919 4231 1038 4307 placei)
1056 4228 1254 4311 ἕξονατρέψοιι
1268 4266 1308 4276 -
1325 4249 1380 4292 σον
1404 4230 1456 4291 τὸν
1475 4231 1565 4312 λόγον
1584 4247 1653 4308 pro·

370 4332 546 4408 ponebam,
571 4348 658 4394 nunc
680 4333 793 4394 nescio
813 4349 876 4408 quo
896 4348 998 4394 sensu
1018 4335 1066 4395 Β1.
1088 4331 1293 4412 ἐπανανρέψαι
1313 4329 1434 4412 βούλομ’
1457 4333 1498 4405 εἰς
1518 4331 1570 4393 τὸν
1582 4331 1653 4412 πρὶν

370 4431 475 4513 λόγον,
497 4437 555 4496 aut
578 4433 619 4506 εἴς
642 4451 697 4496 σου
716 4433 768 4496 τὸν
788 4434 892 4515 λόγον,
915 4437 1108 4513 improbans
1120 4453 1170 4499 vs.
1193 4439 1211 4498 2
1231 4432 1286 4514 μὲν
1305 4437 1453 4497 additum
1475 4451 1494 4496 a
1513 4435 1651 4506 Koclrio,

370 4537 405 4596 et
433 4535 505 4595 sine
536 4537 737 4597 necessitate
767 4553 817 4598 vs.
842 4539 863 4597 4
895 4559 945 4614 μοι
977 4541 1112 4599 mutans
1143 4540 1177 4598 in
1208 4535 1267 4598 καὶ.
1299 4537 1423 4599 Cratini
1447 4535 1548 4598 verba
1570 4536 1654 4598 satis

371 4639 459 4697 recte
482 4639 646 4698 tractasse
670 4639 802 4699 videtur
824 4639 928 4700 Kock.

328 4737 380 4798 Fr.
408 4737 480 4799 183.
512 4738 630 4799 Verbis
660 4740 776 4801 Koclrii
807 4755 882 4815 ego
913 4740 1102 4816 glossam
1134 4754 1213 4800 non
1236 4740 1405 4815 repperi
1432 4738 1545 4800 Nauck
1579 4738 1652 4800 Mel.

374 4839 416 4900 v1
428 4857 458 4917 p.
473 4842 514 4902 64
535 4841 710 4916 respondet
728 4842 868 4918 ¹,legitur
882 4842 943 4903 sub
955 4842 1114 4903 lemmate
1126 4842 1205 4903 Hes.
1219 4843 1372 4917 corrupto
1392 4864 1419 4899 α.
1440 4839 1653 4919 ονσιαρία.”

327 4943 378 5004 Fr.
405 4941 478 5018 186,
502 4935 696 5014 Β1.’11ισσός
719 4945 789 5015 (sic)
813 4937 868 5003 ἐστ’
895 4941 927 5003 ἐν
951 4943 1065 5024 φάρνμ
1089 4943 1187 5014 (male
1211 4944 1282 5004 sine
1306 4943 1455 5012 articulo)
1478 4946 1652 5018 postquam

372 5045 460 5105 recte
491 5043 569 5104 alibi
592 5044 685 5106 Kock
708 5045 899 5107 emendavit
917 5039 1023 5116 Ἰλισὸς
1048 5044 1152 5116 (bene)
1182 5040 1340 5123 ἡφάρνξ,
1362 5043 1427 5106 nisi
1454 5044 1539 5118 quod
1564 5042 1654 5104 debe·
