3718 5788
998 499 1059 557 194

408 688 504 762 rupta
533 687 666 760 quidem
696 703 769 749 esse
800 689 944 764 constat,
978 702 1038 748 nec
1069 687 1097 747 si
1122 687 1304 761 constaret,
1329 687 1462 761 propter
1485 685 1673 760 paucitatem

408 789 575 848 emendari
600 793 746 864 possent.

365 890 414 950 Fr.
440 891 492 966 26,
521 893 571 950 ll.
603 890 802 965 cogentibus
833 893 982 954 numeris
1013 892 1110 967 poeta
1140 888 1190 950 καλ
1221 885 1374 966 μαθητὰς,
1404 890 1489 963 quod
1513 891 1590 950 ante
1610 887 1675 964 πρὸς

407 989 459 1050 τὸν
481 987 544 1063 (ον’
570 993 630 1062 Bi.)
663 991 786 1070 ἰδιώτην
815 994 891 1069 poni
921 993 1091 1069 debuerat,
1123 993 1310 1069 postposuit
1332 992 1511 1052 durissimo
1536 990 1676 1065 quamvis

408 1093 599 1168 hyperbato.
622 1127 661 1137 -
680 1094 735 1156 Vs.
763 1097 812 1156 13.
838 1091 999 1174 ἇολήγιον,
1021 1096 1094 1157 οολλ.
1118 1095 1230 1170 Εορολ.
1255 1096 1307 1169 23,
1332 1109 1389 1169 pro
1412 1090 1562 1169 ἀληθινὸν
1585 1106 1677 1164 aeque

407 1191 584 1268 probabilis
619 1197 717 1270 atque
751 1197 922 1272 ingeniosa
955 1200 1006 1258 est
1041 1197 1156 1258 Koclrii
1190 1197 1386 1258 coniectura.
1418 1195 1494 1255 Sine
1525 1209 1622 1254 causa
1648 1193 1677 1250 iu

408 1295 600 1376 παραβάλλῃς
624 1297 732 1357 haesit
754 1298 814 1374 Bt,
838 1300 894 1373 qui
919 1314 966 1359 vs.
992 1300 1033 1359 22
1059 1299 1201 1360 tortasse
1224 1301 1312 1359 recte
1335 1297 1472 1372 requirit
1491 1291 1678 1372 ἀναστροφαί.

365 1397 415 1456 Fr.
441 1398 493 1473 27,
522 1397 571 1457 10.
718 1407 816 1475 τηρῶν
842 1393 904 1458 ποτ’
931 1396 979 1458 ἒπλ
1003 1398 1054 1471 τὰς
1078 1403 1175 1478 χεῖρας
1200 1398 1274 1458 οἴσει
1299 1421 1347 1470 τις.

408 1498 544 1572 Propter
577 1497 740 1559 scribendi
772 1515 871 1561 usum
904 1499 1004 1562 Cobet
1034 1501 1221 1575 requirebat
1251 1507 1349 1577 τηρῶν
1372 1496 1460 1558 ὁπότε
1483 1496 1557 1558 κατὰ
1579 1495 1680 1574 χειρός,

407 1600 465 1660 sed
488 1600 694 1674 tribrachyos
717 1616 793 1662 cum
813 1604 991 1678 anapaesto
1012 1604 1277 1664 coniunctionem
1297 1603 1406 1662 nescio
1424 1615 1466 1661 an
1483 1603 1571 1660 recte
1590 1598 1678 1658 addu-

409 1701 492 1761 bitet
510 1701 611 1762 Kock.
640 1701 734 1762 Haud
758 1717 839 1763 sane
863 1703 982 1764 melius
1006 1703 1054 1764 Bi.
1079 1703 1149 1762 πονε
1173 1726 1210 1760 κα
1226 1699 1230 1782 Ι
1245 1701 1280 1761 τὰ
1303 1701 1410 1779 χειρός,
1441 1700 1549 1774 qualis
1571 1700 1679 1760 tribra-

410 1802 511 1875 chyos
541 1802 658 1862 incisio
689 1803 722 1862 in
753 1803 859 1877 primo
889 1807 1019 1865 tantum
1050 1805 1171 1864 senarii
1202 1804 1282 1878 pede
1305 1803 1455 1878 legitima
1477 1805 1544 1880 est,
1567 1801 1629 1860 nisi
1650 1801 1679 1858 in

411 1904 578 1965 vocabulis
610 1903 776 1965 artissime
807 1905 938 1966 iunctis.
964 1905 1177 1967 scribendum
1198 1905 1347 1980 suspicor
1369 1911 1466 1981 meroe
1490 1902 1559 1962 πότε
1586 1901 1677 1977 <bip

410 2001 484 2062 κατὰ
514 2003 608 2082 χειρὸς
640 2003 713 2064 οἴσει
736 2027 788 2076 τις.
816 2038 852 2046 -
879 2005 969 2080 Quod
993 2005 1040 2066 Bl.
1066 2022 1115 2068 vs.
1140 2009 1159 2067 9
1185 2004 1395 2082 ἐκφνσώμενος
1418 2020 1475 2080 pro
1499 2000 1681 2080 ἐκλελυμένος

409 2107 577 2180 proposuit
599 2121 753 2181 graecum
774 2122 838 2167 nou
859 2109 911 2168 est
929 2123 986 2184 pro
1007 2105 1260 2185 ἐκαεφοσρρένος.
1280 2107 1462 2181 Aptissima
1475 2101 1681 2180 ἐκκεκαυμένος

411 2207 550 2267 coniecit
572 2207 685 2270 cobet.

366 2307 417 2368 Fr.
443 2309 495 2384 28,
521 2309 551 2369 2.
659 2307 696 2368 σὺ
719 2304 774 2386 μὲν
797 2305 949 2381 &cornigero
973 2303 1047 2386 ἡνίκ’
1075 2307 1113 2369 ἂν
1137 2308 1275 2386 φανὴν
1299 2305 1413 2392 λέγῃς

655 2408 779 2470 αὐτοῦ
804 2408 925 2487 τινές,
947 2410 979 2470 οἱ
999 2405 1026 2471 δ’
1044 2408 1189 2488 Ἕλληνες
1213 2408 1410 2487 ἕλληνλζομεν.

412 2511 502 2572 Koclr
532 2509 660 2588 αὐοῐνιν,
689 2515 737 2574 Bi.
767 2511 820 2589 τὴν
845 2507 955 2571 mtolo’
981 2516 1234 2590 proposuerunt,
1266 2513 1323 2573 sed
1347 2512 1406 2572 vix
1426 2525 1580 2586 graecum
1607 2509 1682 2568 mitri

413 2613 542 2674 videtur
564 2611 673 2690 φωνὴν
696 2613 792 2693 λέγειν
815 2614 881 2672 τινά
904 2630 962 2689 pro
985 2625 1075 2700 φωνῇ
1098 2638 1156 2674 τινι
1178 2618 1319 2693 χρῆσθαι.
1343 2611 1585 2688 Expectabam:

1080 2711 1155 2793 ἡνίκ’
1182 2712 1220 2774 ἂν
1243 2723 1353 2798 φωνῇ
1376 2712 1462 2796 λέγῃς

618 2825 659 2894 τῆ
683 2825 727 2901 σῇ
750 2840 792 2894 τι,
813 2816 870 2878 nrt.

415 2921 472 2978 aut
1080 2915 1155 2998 ἡνίκ’
1182 2916 1220 2978 iiv
1244 2916 1352 2995 φωνὴν
1376 2917 1436 3000 ἴῃς
1460 2913 1482 2988 ¹)

612 3017 678 3096 τὴν
703 3015 856 3098 meatu,

413 3123 470 3180 aut
493 3120 631 3193 denique
1076 3117 1151 3200 ἡνίκ’
1177 3119 1216 3181 ἂν
1249 3119 1335 3200 rep
1362 3118 1493 3191 <ἓοος>

613 3230 686 3281 τῶν
709 3217 856 3300 αὐτόθ’,

413 3322 554 3383 Videant
577 3322 650 3382 aiiii

369 3423 420 3484 Fr.
447 3425 499 3484 29.
523 3420 592 3483 ναολ
616 3420 689 3506 (ναῲ
714 3425 873 3502 Meineke,
899 3421 988 3509 νεῴλ)
1011 3420 1062 3486 δύ’
1089 3423 1144 3486 εἰσλ
1167 3423 1217 3485 καὶ
1240 3425 1325 3503 στοά,
1347 3423 1396 3484 καλ
1419 3423 1595 3501 τοῦνομα

636 3522 685 3584 καλ
708 3522 740 3584 τὸ
764 3526 937 3603 βαλανεῖον,
960 3525 1010 3586 καὶ
1033 3525 1066 3587 τὸ
1089 3527 1236 3605 Σαράβου
1259 3523 1358 3602 κλέος,

634 3625 667 3686 τὸ
691 3625 767 3686 πολὺ
791 3623 845 3703 μὲν
869 3625 975 3706 ἀκτή,
998 3633 1058 3700 τοῖς
1083 3624 1110 3688 δ’
1132 3623 1335 3706 Ἐλευθερίας
1358 3627 1451 3699 πόλις.

411 3727 559 3802 Speciem
579 3728 678 3789 habet
692 3744 739 3789 vs.
754 3730 773 3789 3
794 3725 911 3790 Kockii
925 3731 1114 3791 coniectura
1132 3727 1229 3810 ἀργὴ
1250 3735 1306 3800 (sc.
1320 3735 1381 3808 γῆ),
1403 3729 1488 3804 quod
1501 3731 1565 3792 dici
1578 3729 1687 3804 nequit

413 3829 452 3889 de
475 3830 640 3903 Blaydesii
663 3831 903 3891 tentaminibus
925 3829 973 3891 καλ
998 3831 1072 3909 πρὸς
1096 3830 1189 3911 ἀγορὰ
1213 3833 1266 3893 vel
1285 3825 1352 3913 κᾷθ’
1378 3827 1487 3910 ἆρορά,
1510 3847 1686 3906 quaecum

412 3931 534 3990 tradita
556 3931 719 4004 scriptura
742 3932 800 3991 vix
822 3932 971 3992 litteram
995 3949 1206 3995 communem
1230 3934 1363 3994 habent.
1388 3935 1424 3993 In
1448 3933 1555 4008 primo
1579 3938 1686 3995 autem

413 4046 512 4092 versu
535 4047 593 4106 pro
616 4028 749 4107 τοῦνομα
773 4036 831 4093 aut
854 4034 937 4107 quod
962 4034 1044 4095 latet
1066 4051 1132 4096 nou
1161 4035 1288 4110 repperi
1318 4037 1375 4095 aut
1406 4035 1468 4096 ruit
1495 4035 1686 4112 βούνομο,

413 4148 583 4207 pascua,
617 4133 700 4207 quod
725 4133 869 4194 Plataeis
893 4134 963 4195 loco
988 4135 1049 4196 hac
1073 4138 1181 4196 aetate
1216 4151 1319 4212 paene
1353 4135 1498 4212 deserto,
1535 4137 1639 4212 qualis
1668 4151 1687 4196 a

413 4238 510 4309 poeta
539 4234 742 4310 describitur,
769 4235 849 4294 mihi
874 4236 1005 4309 quidem
1030 4238 1240 4311 aptissimum
1265 4237 1393 4297 videtur
1411 4240 1445 4297 et
1463 4237 1599 4312 pulchre
1618 4253 1686 4298 oon·

414 4335 517 4410 spirat
542 4351 617 4396 oum
641 4331 753 4412 ἀργή,
776 4337 805 4395 si
829 4352 907 4397 vera
930 4340 994 4411 est,
1021 4341 1058 4398 ut
1080 4339 1238 4413 suspicor,
1264 4354 1303 4399 ea
1326 4339 1523 4400 coniectura.

370 4437 421 4495 Fr.
446 4437 498 4510 30,
525 4437 554 4495 2.
580 4433 625 4495 ἀελ
649 4451 707 4512 pro
730 4435 820 4494 πάλιν
845 4441 970 4498 temere
994 4438 1042 4498 Bl.

371 4538 421 4598 Fr.
446 4537 498 4597 30.
534 4537 805 4598 Narratiuncuiae
835 4538 976 4599 formam
1008 4539 1061 4600 hic
1090 4541 1198 4601 induit
1228 4541 1382 4615 cogitatio
1406 4555 1490 4615 quae
1513 4543 1602 4603 inest
1620 4555 1685 4615 pro·

414 4638 524 4699 verbio
548 4638 722 4699 vernaculo
748 4639 813 4713 „De
837 4638 969 4700 kleeren
993 4641 1113 4701 maken
1136 4643 1198 4702 deu
1222 4643 1332 4702 man”.

369 4740 420 4801 Fr.
445 4741 498 4800 34.
523 4739 596 4800 Iure
620 4739 731 4800 Nauck
754 4739 868 4800 Kockii
893 4741 1116 4802 coniecturam
1143 4742 1287 4822 λιψοορὸς
1314 4741 1430 4814 αἀόοος
1457 4747 1554 4804 vocat
1576 4744 1686 4820 „mehr

405 4981 424 5049 ¹)
443 4985 493 5032 Sed
516 4990 665 5046 suspectum
684 4989 725 5031 est
747 4986 825 5032 breve
843 4988 908 5046 iota,
931 4989 1001 5047 quod
1025 4995 1111 5036 tamen
1129 4990 1234 5037 defendi
1252 4995 1339 5050 potest
1356 4989 1485 5038 Stratonis
1503 4991 1534 5038 fr.
1554 4993 1577 5046 1,
1595 4993 1623 5048 3,
1639 4987 1687 5036 nisi

371 5066 437 5112 rorte
454 5063 491 5112 ibi
509 5079 567 5112 cum
587 5063 625 5112 Bl.
644 5077 691 5124 pro
708 5060 799 5123 euripo
819 5065 958 5123 legendum
978 5073 1016 5113 est
1035 5077 1129 5126 συνῆκα.
