3718 5788
864 517 928 576 223

326 696 366 772 ὡς
389 699 453 761 καὶ
481 699 615 782 τέχναι
638 711 761 763 πᾶσαι
784 703 1049 785 προσδέονται
1068 705 1201 784 τύχης,
1223 701 1288 764 καί
1310 703 1404 783 τύχη
1428 703 1556 763 διακο-

329 809 484 881 σμεῑται
507 809 592 876 ταῖς
616 802 860 884 ἐπιστήμαις.

280 904 335 966 νε.
360 907 568 969 49731101.
593 908 632 968 fr.
660 909 757 968 1017.

281 1004 335 1066 Vs.
360 1008 568 1070 499--llur.
592 1009 631 1069 fr.
659 1011 755 1070 1026.

279 1106 334 1169 Vs.
359 1110 434 1171 504.
459 1108 560 1170 δεινὸν
583 1125 641 1186 pro
665 1108 787 1188 αἰσχρὸν
810 1113 898 1173 reete
922 1112 985 1189 Bl.‚
1011 1112 1083 1173 coll.
1109 1113 1218 1186 adesp.
1244 1115 1296 1173 61.

279 1208 334 1270 Vs.
358 1211 433 1272 508.
465 1212 564 1273 Miror
600 1212 798 1273 Meinekium
839 1213 964 1289 fugisse
1005 1214 1091 1274 hune
1123 1229 1258 1273 versum
1293 1213 1449 1288 Aeschyli
1483 1229 1556 1275 esse

323 1312 433 1373 Prom.
457 1317 511 1375 44,

277 1413 332 1475 VS.
353 1416 428 1476 523.
449 1416 626 1477 Richards:
637 1411 751 1489 Ὕπνος
767 1414 960 1497 <περιοτὸς>
975 1415 1075 1477 δεινὸν
1094 1413 1269 1495 ἀνθρώποις
1282 1415 1385 1477 κακόν.
1405 1417 1468 1478 sed
1481 1417 1554 1478 0011.

323 1532 370 1577 νε.
396 1519 474 1594 732,
506 1518 698 1579 crediderim
729 1519 840 1594 potius
870 1519 966 1590 6κνος
998 1521 1188 1594 corruptum
1212 1535 1286 1580 esse
1309 1535 1351 1580 ex
1377 1516 1558 1578 ὑπόνοια.

322 1619 411 1695 Quod
431 1622 459 1681 si
478 1622 527 1681 ita
546 1622 611 1696 est,
632 1621 809 1696 legendum
822 1614 964 1681 ’Ίνιόνοια
984 1619 1084 1682 δεινόν
1101 1618 1239 1685 (ἐστιν)
1259 1618 1435 1700 ἀνθρώποις
1453 1620 1555 1688 κακόν,

278 1719 332 1782 νε.
358 1724 431 1782 533.
457 1723 654 1798 corruptum
679 1727 736 1784 aut
759 1723 860 1802 φοβοῦ
881 1725 939 1784 aut
961 1721 1001 1801 μὴ
1025 1723 1136 1802 φοβον.

277 1824 333 1884 Vs.
359 1827 433 1886 535.
459 1827 612 1887 Fortasse
650 1823 793 1904 φρόνημα
823 1822 959 1904 λαμπρὸν
989 1830 1059 1902 (pro
1081 1822 1220 1904 λιπαρὸν)
1244 1822 1385 1903 οὐδαμῶς
1408 1821 1555 1884 ἁλίσκεται

322 1930 408 1996 (cum
443 1927 602 1989 Meinekio
637 1942 695 2003 pro
725 1924 931 1997 ἀναλίσκεται).
956 1928 1019 1990 Sed
1045 1928 1138 1988 deest
1162 1928 1295 1989 dativus
1325 1929 1553 2002 instrumenti,

322 2028 413 2088 velut
446 2034 509 2100 ταῖς
544 2032 727 2106 συμφοραῖς,
756 2044 820 2103 quo
850 2029 993 2090 fortasse
1024 2029 1265 2090 terminabatur
1289 2044 1405 2090 versus
1427 2043 1555 2104 praece·

322 2128 401 2188 dens
424 2130 457 2189 in
480 2129 567 2207 loeo,
595 2130 678 2190 unde
702 2130 755 2190 hie
777 2145 826 2191 vs.
851 2133 1028 2206 excerptus
1051 2132 1112 2191 est.

278 2228 333 2289 νε.
358 2231 433 2292 539.
465 2231 681 2292 Probabiliter
711 2231 759 2291 Bl.
790 2230 877 2292 ιίκιει
912 2248 970 2308 pro
1001 2231 1127 2308 κομίζει,
1161 2231 1234 2293 coll.
1265 2231 1373 2309 Eurip.
1404 2232 1443 2292 fr.
1478 2233 1551 2310 195,

323 2332 409 2392 unde
433 2330 541 2394 fletus.
696 2345 702 2354 ·

280 2431 334 2492 Vs.
359 2435 434 2496 543.
459 2435 509 2494 Ex
539 2436 754 2512 Epicharmeo
787 2435 843 2496 illo
868 2431 886 2493 ἆ
911 2431 944 2494 δὲ
974 2432 1034 2514 χεὶρ
1066 2432 1119 2494 τὰν
1149 2440 1230 2514 χεῖρα
1253 2434 1337 2507 νίζει·
1362 2433 1414 2506 δός
1437 2456 1481 2510 τι,
1504 2431 1554 2492 καί

321 2534 424 2613 λάβοις
448 2535 477 2595 τί
498 2559 544 2596 κα.

278 2633 332 2694 νε.
357 2637 432 2698 550.
458 2638 504 2700 of.
532 2639 651 2701 Aeseh.
683 2639 791 2700 Prom.
817 2640 898 2701 378:
931 2634 1020 2717 ὀργῆς
1052 2639 1175 2717 ζεούσης
1198 2635 1272 2698 είολν
1296 2634 1392 2714 ιάιροί
1414 2637 1497 2716 λόγοι
1521 2639 1555 2698 et

318 2738 405 2800 infra
427 2756 476 2802 vs.
502 2742 581 2817 622,
606 2741 662 2801 ubi
684 2740 861 2816 legendum
885 2739 979 2817 σοφός
1002 2757 1061 2817 pro
1084 2748 1191 2818 σοφοῦ.
1216 2739 1287 2800 Vid.
1311 2755 1360 2801 vs.
1387 2741 1462 2801 674.

277 2837 332 2898 νε.
358 2842 566 2903 soa=7ou

277 2937 331 3000 νε.
356 2943 432 3004 563.
457 2942 504 3004 Gi.
529 2944 638 3019 Eurip.
663 2944 701 3004 fr.
728 2945 802 3018 529,
830 2947 846 3004 1
872 2944 955 3014 (BL).

276 3042 330 3104 Vs.
355 3047 429 3106 572.
454 3044 608 3118 stetten:
623 3043 705 3106 οίκεῐ.
730 3046 800 3106 Vid.
824 3047 967 3106 Lexieon
991 3061 1104 3106 meum
1127 3045 1234 3121 suppl.
1260 3049 1293 3106 et
1316 3046 1390 3108 dial.
1416 3063 1443 3108 s.
1468 3063 1499 3108 v.

279 3144 329 3206 νε.
354 3148 429 3208 580.
454 3147 525 3208 Vid.
550 3147 717 3209 Menandr.
742 3149 779 3208 ir.
805 3148 857 3208 80.
883 3146 929 3208 Of.
955 3147 1103 3222 sophoel.
1128 3147 1167 3207 fr.
1192 3148 1267 3208 851.
1292 3147 1373 3218 (Β1.).

276 3245 329 3307 νε.
354 3248 428 3309 586.
454 3249 567 3310 Fictus
597 3251 656 3310 aut
685 3250 858 3324 corruptus
889 3261 931 3308 ex
956 3249 1052 3323 Soph.
1077 3247 1154 3307 Ant.
1180 3249 1262 3308 326:
1296 3247 1331 3306 ιὰ
1358 3246 1439 3308 δειλὰ
1461 3245 1552 3327 κίρδη

317 3347 455 3425 πημονὰς
480 3347 639 3431 ἐργάζεται.

277 3446 330 3510 νε.
356 3453 431 3513 587.
463 3453 534 3514 Nisi
564 3455 616 3514 est
647 3467 763 3514 versus
793 3451 961 3528 politicus,
994 3453 1139 3512 metrum
1169 3450 1332 3526 postulat:
1356 3447 1433 3527 ἀνὴρ
1457 3449 1553 3510 orrev-

319 3555 370 3623 λος
393 3551 451 3614 nrt.
928 3549 932 3558 ’

278 3651 331 3713 VS.
356 3657 432 3717 590.
460 3657 668 3733 „Lugendum
693 3654 779 3731 φίλος
803 3655 894 3729 φίλου
918 3653 1157 3731 φειδόμενος
1178 3652 1234 3713 οὐκ
1257 3651 1335 3712 ἔστιν
1357 3653 1457 3730 φίλος,
1480 3655 1552 3716 0011.

320 3758 412 3820 Publ.
432 3759 503 3833 Syr.
519 3759 577 3818 10:
599 3757 735 3818 Amici
759 3757 870 3818 vitia
893 3757 928 3818 si
950 3757 1079 3830 feras,
1104 3756 1240 3817 facies
1264 3757 1367 3816 tua.”
1383 3755 1551 3817 Richards·

276 3857 331 3919 Vs·
356 3860 431 3921 592.
466 3859 513 3921 of.
546 3860 642 3935 Soph.
678 3859 768 3920 Aiao.
801 3861 865 3920 646
894 3874 943 3933 sq.
978 3850 1091 3916 ἅπανθ’
1125 3853 1140 3916 ὁ
1175 3855 1286 3936 μακρὸς
1320 3855 1544 3935 κάναρίθμητος

319 3961 424 4040 χρόνος
445 3955 450 4044 Ι
471 3961 542 4036 φύει
566 3960 676 4035 (φαίνει
686 3963 712 4032 1)
736 3955 756 4018 τ’
783 3957 880 4038 ἄδηλοι
903 3957 954 4019 καλ
977 3956 1110 4033 φανίνιο
1134 3958 1300 4037 κρύπτεται.

277 4060 331 4139 νε,
355 4064 431 4124 601.
455 4063 592 4137 Antiqui
626 4063 791 4123 sermonis
825 4063 1011 4138 proprietas
1044 4059 1245 4136 postularet:
1283 4059 1370 4137 Ζήιει
1403 4064 1489 4121 ποεῖν
1519 4051 1553 4121 εὖ

318 4163 387 4235 τοὺς
429 4159 484 4243 ety’
522 4154 555 4224 εὖ
591 4160 816 4242 εἰργασμένους,
849 4166 883 4226 in
924 4162 1067 4225 recentis
1109 4162 1183 4222 aevi
1217 4161 1287 4222 ietu
1321 4162 1553 4223 tantummodo

318 4261 463 4341 requiro':
487 4269 548 4336 τοῖς
571 4268 668 4337 καλῶς
695 4259 784 4328 <σ’>
812 4263 1027 4346 εἰργασμένοις.

276 4365 330 4427 νε.
354 4368 428 4428 605.
453 4365 606 4428 Voluisse
630 4367 761 4428 videtur
784 4371 969 4445 poetaster:
1002 4363 1118 4427 Nihil
1143 4379 1161 4425 o
1170 4380 1246 4440 pus
1270 4365 1433 4439 magnis
1457 4365 1553 4424 viri·

319 4467 410 4545 bus,
435 4468 551 4529 modo
576 4470 750 4529 strenue
775 4469 917 4529 utaris
941 4469 995 4528 iis
1016 4467 1180 4527 viribus
1205 4480 1306 4540 quas
1330 4465 1412 4526 tibi
1436 4465 1554 4526 dedit

318 4571 478 4630 natura.
504 4569 626 4630 Graece
649 4567 864 4630 balbutientis
886 4572 965 4630 sunt
988 4584 1072 4643 quae
1095 4567 1241 4643 protulit.

276 4667 329 4729 Vs.
355 4669 429 4730 ooo.
454 4669 515 4729 Pro
540 4667 636 4753 χρόνῳ
660 4672 854 4744 expectatur
877 4669 944 4731 iere
967 4669 1032 4754 βίῳ.

275 4769 329 4830 νε.
354 4772 429 4831 612.
454 4770 515 4831 Pro
539 4770 658 4830 πλούτει
682 4773 877 4845 expectatur
901 4769 1023 4850 ὑβρίζον
1048 4772 1105 4830 aut
1128 4770 1251 4845 aliquid
1276 4769 1448 4829 eiusmodi.

275 4869 329 4931 νε.
354 4873 428 4932 613.
453 4871 565 4933 Voluit
595 4871 696 4932 miser
723 4873 884 4932 versifex:
917 4869 990 4930 ἀλλὰ
1014 4868 1065 4931 καί
1089 4871 1213 4947 μειαδὸς
1237 4879 1288 4948 τῆς
1312 4877 1365 4947 σῆς
1390 4867 1552 4945 ἐπιστήμης

318 4977 376 5044 τοῖς
410 4972 522 5048 φίλοις,
560 4973 617 5034 sed
652 4973 805 5034 versiculi
837 4974 1000 5048 angustiis
1029 4974 1207 5046 impeditus
1237 4988 1275 5034 ea
1304 4971 1437 5046 scripsit
1471 4983 1553 5044 quae

320 5075 374 5134 vix
397 5074 582 5150 intellegas.
