3718 5788
833 479 894 539 145

195 671 251 731 Fr.
276 671 329 745 91,
354 671 384 730 2.
421 667 485 730 Cur
514 667 693 729 Christiani
723 665 967 742 interpolatoris
997 680 1071 726 esse
1102 667 1248 742 putaret,
1280 667 1400 728 veliem
1432 669 1523 731 Koch

244 771 453 845 explicasset.
479 802 515 811 —
544 769 600 830 νε.
629 771 678 830 10.
703 761 785 826 πάντ’
813 763 986 826 ἐπισκοπῶν
1009 767 1058 828 Bi.
1083 781 1148 828 non
1172 767 1270 828 male.

195 874 253 932 Fr.
279 874 330 946 92,
358 875 386 932 1.
422 872 560 933 Monost.
593 872 656 931 361
690 870 746 930 eft.
778 869 894 929 Β1.-
923 868 978 929 Vs.
1003 871 1035 929 4.
1067 868 1225 946 συμφοράς
1255 872 1344 931 recte
1366 871 1455 933 Ellis.
1483 908 1523 919 —

245 973 302 1033 Vs.
327 975 357 1034 s.
382 973 468 1048 Lege
491 968 617 1052 ηὑρέθη.
644 1005 683 1015 -
707 971 763 1032 νε.
790 973 819 1032 7.
843 968 863 1049 ἣ
886 974 1024 1030 πλουτεῖν
1047 967 1127 1030 olto>
1151 971 1361 1046 probabiliter
1384 975 1524 1052 Madvig.

198 1077 254 1136 Fr.
280 1076 332 1150 93,
357 1077 376 1134 3
402 1077 435 1135 et
458 1077 477 1134 4
502 1068 567 1134 οὐδ’
585 1068 706 1134 -οὐδ’
738 1073 786 1134 Bl.
803 1072 913 1133 —Vs.
938 1074 967 1133 9.
993 1069 1160 1150 ἕκμόνοισιν
1183 1088 1240 1148 pro
1261 1071 1427 1152 ἐγγόνοισιν
1453 1079 1525 1138 sine

246 1193 346 1238 causa
376 1177 522 1238 Mainake
553 1179 588 1238 st
616 1176 719 1237 Kock.
744 1175 815 1236 Non
841 1175 906 1236 nisi
929 1175 1164 1249 orthographia
1186 1174 1268 1236 haec
1291 1177 1450 1238 vocabula
1472 1179 1528 1239 dii·

246 1281 366 1341 ferunt.
403 1279 449 1342 Gi.
478 1270 661 1340 Meisterh.³
686 1293 759 1353 pag.
788 1278 848 1337 107
864 1277 893 1337 b.
918 1276 1045 1336 Ibidem
1071 1274 1208 1342 <νι>οὐνι
1232 1277 1337 1354 Koclr,
1363 1274 1428 1338 οὐδ’
1463 1280 1528 1356 Bl.,

246 1383 303 1455 qui
325 1381 412 1442 male
436 1381 605 1441 oblitterat
631 1379 855 1440 necessarium
880 1378 1064 1452 asyndeton
1089 1377 1260 1438 scribendo
1284 1375 1434 1457 ἐνμόνοισί
1454 1375 1485 1440 ε’.

196 1485 255 1544 Fr.
282 1485 333 1558 94,
360 1484 390 1544 8.
414 1483 462 1543 Bi.
489 1483 545 1542 cit.
571 1481 689 1542 Aesch.
715 1483 776 1554 Ag.
802 1480 877 1540 788.

196 1585 257 1644 νε.
282 1585 334 1644 96.
369 1584 442 1644 102.
480 1583 663 1643 109-116.
699 1580 885 1641 rat-129.
921 1580 994 1641 140.
1029 1581 1102 1642 141.
1140 1583 1213 1641 147.
1242 1583 1427 1643 164-180.
1456 1585 1528 1645 186.

253 1687 326 1746 187.
358 1685 533 1745 205-207
570 1683 674 1760 petita
705 1697 748 1742 ex
778 1679 890 1755 comp.
922 1681 1004 1741 Men.
1037 1683 1072 1742 et
1098 1681 1181 1742 Phil.
1206 1685 1239 1744 et
1263 1682 1422 1744 Distichis
1444 1685 1529 1745 Pari·

248 1787 333 1848 sinis
367 1787 550 1847 Philemoni
585 1785 710 1859 optimo
740 1784 810 1844 iure
845 1783 1045 1844 abiudicavit
1074 1782 1187 1844 Nauck
1220 1785 1292 1845 Mel.
1324 1785 1368 1846 Vl
1390 1802 1421 1861 p.
1456 1787 1529 1848 106.

250 1889 389 1950 serioris
419 1888 555 1963 originis
585 1886 711 1961 passim
742 1885 859 1945 extant
883 1885 915 1943 in
938 1884 980 1944 iis
1003 1884 1137 1961 indicia,
1163 1883 1254 1946 velut
1277 1887 1329 1962 96,
1356 1888 1375 1946 2
1400 1885 1530 1966 ἐγενήθη

250 2005 309 2064 pte
337 1986 450 2067 ἐγένετο
482 1992 516 2050 et
542 1989 615 2062 167,
641 1988 660 2047 2
683 1991 832 2069 γενηθῄς,
856 1987 908 2062 99,
938 1987 956 2046 2
982 2001 1029 2061 sq.
1054 1976 1097 2045 ὧν
1120 1981 1175 2063 μὲν
1200 2019 1240 2030 -
1265 1978 1308 2046 ὧν
1332 1985 1364 2047 δὲ
1389 2005 1446 2063 pro
1471 1997 1531 2048 τῶν

252 2086 306 2166 μὲν
331 2098 450 2150 -νῶν
474 2087 520 2166 cl,
544 2104 661 2149 versus
680 2088 806 2163 politici
826 2088 860 2147 in
882 2087 955 2169 109,
977 2079 1060 2147 alnov
1080 2102 1137 2162 pro
1162 2086 1261 2147 οἰκίον
1288 2091 1360 2166 114,
1387 2091 1406 2150 3
1433 2094 1467 2151 et
1490 2089 1531 2163 εἰς

252 2208 311 2266 pro
345 2189 419 2271 πρὸς
455 2193 506 2252 vel
541 2187 595 2266 ὡς,
635 2191 708 2265 116,
744 2191 764 2248 4
795 2188 913 2248 πλεύσω
948 2204 1005 2263 pro
1037 2188 1220 2266 πλεύσομαι,
1253 2191 1325 2264 170,
1361 2193 1377 2251 1
1412 2190 1531 2269 σαπρὰν

253 2294 378 2354 dictum
397 2309 455 2368 pro
475 2291 613 2371 αἰσχράν,
636 2285 712 2352 cum
736 2291 883 2364 antiquis
905 2291 951 2350 sit
973 2292 1175 2366 vetulam,
1205 2294 1276 2368 174,
1303 2295 1321 2352 2
1346 2291 1531 2370 ἓλυύυειμεο

254 2391 327 2465 ἕλξει
350 2396 412 2454 etc.
437 2397 499 2454 etc.

204 2497 261 2556 Fr.
287 2496 339 2571 96,
365 2497 384 2556 ὅ
409 2511 457 2569 sq.
492 2495 578 2556 Olim
610 2495 779 2570 proposui:
811 2491 881 2552 νυνὶ
912 2489 944 2553 δὲ
975 2491 1159 2572 διαφέροντι
1185 2499 1246 2566 τοῖς
1276 2490 1345 2554 καθ’
1378 2491 1492 2574 ἡμέραν
1525 2495 1530 2582 Ι

251 2595 465 2672 δαπανήμασιν
490 2595 527 2672 δὴ
552 2593 598 2655 τὼ
622 2596 693 2674 βίον
714 2589 827 2672 ’σσρῶ
851 2593 946 2672 μόνον
970 2592 1084 2670 (μόνοις
1094 2597 1138 2669 ?);
1163 2595 1211 2656 Bl.
1236 2597 1343 2657 deleto
1367 2595 1405 2674 δὴ
1427 2600 1531 2660 trans·

253 2699 345 2772 ponit
367 2695 420 2756 τὸν
443 2696 512 2775 βίον
536 2692 596 2774 ὁρῶ
625 2696 796 2758 <codron
824 2695 934 2772 μόνον,
968 2697 1023 2770 qui
1046 2711 1096 2757 νε.
1118 2699 1135 2757 7
1158 2712 1222 2757 non
1242 2698 1330 2758 male
1349 2714 1406 2773 pro
1426 2701 1532 2775 priore

252 2798 388 2874 μείζονας
413 2799 551 2872 requirit
575 2798 746 2868 πλουσίους.
771 2797 887 2858 Kockii
909 2796 1049 2869 πλείονας
1072 2799 1160 2859 iusto
1183 2799 1354 2860 obscurius
1378 2805 1438 2862 est.

202 2901 260 2959 Fr.
285 2900 338 2974 98,
360 2901 389 2959 7.
413 2898 630 2976 ναειυχνυίνον
653 2900 702 2960 Bi.
723 2900 795 2959 sine
819 2913 919 2959 causa
942 2899 1068 2959 idonea.
1094 2900 1157 2960 Sed
1180 2902 1249 2961 iure
1272 2917 1321 2962 νε.
1343 2905 1362 2963 0
1386 2904 1534 2977 postulat

250 3001 391 3060 iormam
429 3001 567 3062 atticam
598 2998 790 3081 ἀσφάραγον,
819 3003 988 3062 servatam
1019 3004 1144 3077 quater,
1177 3006 1365 3077 corruptam
1393 3007 1453 3065 ter.
1485 3005 1531 3065 Oi.

252 3102 374 3163 Iacohii
398 3103 511 3163 Index.

198 3207 256 3264 Fr.
281 3204 334 3278 99,
361 3205 391 3264 7.
417 3203 607 3278 δυσδαίμονα
632 3203 859 3278 Helbertsma,
885 3202 1091 3278 improbante
1122 3203 1170 3264 Bl.
1195 3218 1225 3278 p.
1251 3205 1326 3265 339.

199 3308 256 3366 Fr.
288 3307 360 3382 100,
386 3307 415 3366 2.
436 3307 628 3368 Lectionem
652 3303 787 3384 προσιὼν
811 3306 900 3365 recte
923 3305 1066 3380 praefert
1091 3305 1139 3366 Bl.

200 3409 257 3468 Fr.
286 3408 359 3483 101,
385 3409 415 3468 3.
441 3406 670 3469 coniecturam
695 3421 806 3467 meam
829 3405 945 3480 prohat
967 3406 1015 3466 Bl.
1041 3405 1096 3466 νε.
1122 3407 1142 3466 4
1166 3409 1254 3468 recte
1278 3407 1340 3468 dei.
1364 3408 1465 3469 Koch.

201 3509 259 3569 Fr.
283 3508 356 3582 103,
382 3505 584 3586 Βλὲγειννε
604 3505 655 3567 nel
674 3506 795 3568 ἀκούειν
814 3508 938 3568 frustra
958 3507 1163 3584 sollicitatur,
1185 3511 1221 3569 ut
1241 3509 1320 3570 olim
1340 3525 1400 3586 ego
1420 3512 1535 3572 monui

252 3611 286 3670 et
308 3609 484 3683 nuncB1.,
510 3609 565 3683 qui
589 3625 638 3670 νε.
663 3611 683 3670 4
707 3611 817 3670 tentat
840 3612 967 3687 θεωρεῖν
990 3605 1042 3666 καὶ
1068 3613 1263 3674 (σκοπεῖν).

202 3711 260 3770 Fr.
288 3710 362 3777 104,
391 3711 418 3769 1.
443 3708 601 3785 Proposui
622 3704 878 3784 quondam’cnv
898 3699 932 3769 εὖ
952 3704 1268 3786 ζῆν,νν611ιοῦυ’ἔι’
1291 3709 1410 3772 εἰδέναι.
1431 3713 1535 3774 Hodie

253 3809 284 3870 τὸ
309 3812 450 3885 iungens
470 3827 545 3873 curn
566 3807 690 3887 εἰδέναι,
709 3813 762 3888 ζῆν
781 3813 1001 3886 praegnanter
1024 3811 1150 3872 dictum
1173 3814 1252 3887 puto
1276 3828 1333 3889 pro
1356 3803 1390 3873 εὖ
1413 3813 1482 3890 ζῆν,
1501 3829 1537 3886 ut

253 3911 341 3972 aiibi.
368 3911 483 3972 Verte:
510 3913 575 3972 cni
600 3927 678 3972 non
702 3914 767 3973 est
791 3928 919 3974 verae
944 3914 1061 3974 vitae
1086 3913 1286 3975 scientia.
1384 3923 1387 3930 ’

202 4015 260 4074 Fr.
293 4014 367 4087 106,
398 4015 428 4072 6.
464 4013 589 4073 Iniuria
624 4013 671 4074 Bl.
708 4015 851 4089 praefert
886 4013 1041 4089 Diogenis
1077 4018 1110 4075 et
1145 4014 1326 4076 Clementis
1359 4016 1563 4104 lectionem⁴

253 4108 379 4192 χρήσιμ’,
410 4129 487 4174 narn
519 4115 623 4175 multo
655 4117 869 4176 verisimilius
898 4117 1005 4177 estid
1029 4132 1086 4191 pro
1110 4118 1232 4178 rariore
1256 4111 1351 4176 εὔθυν’
1378 4117 1534 4178 substitu-

254 4219 327 4276 tum
350 4229 424 4276 esse
448 4230 546 4289 quarn
571 4217 704 4278 inversa
727 4217 863 4278 ratione.

202 4319 262 4378 Fr.
288 4316 361 4376 106.
386 4317 416 4376 6.
442 4318 541 4393 μεῖζον
564 4318 715 4394 Nauckii‚
740 4334 806 4379 non
830 4319 1011 4395 Blaydesii,
1036 4323 1089 4381 est
1112 4321 1279 4381 correctio.

205 4420 265 4479 Fr.
292 4418 364 4491 107,
391 4420 420 4478 6.
446 4419 475 4478 Α
502 4415 567 4478 fine
594 4416 713 4497 τρέφειν
736 4423 793 4481 aut
817 4417 865 4478 ἀεί
886 4421 1017 4495 supplet
1040 4421 1088 4481 Bl.
1113 4420 1326 4483 Coniecturae
1350 4430 1408 4481 νῶν
1432 4419 1537 4482 ἑαυτὸν

258 4516 415 4595 τούβολοῦ.

206 4621 267 4682 Fr.
293 4619 365 4695 108,
391 4619 420 4679 2.
446 4609 465 4697 ἦ
489 4636 547 4695 pro
571 4617 590 4700 ἢ
614 4626 702 4684 recte
725 4624 773 4684 Bi.

207 4723 267 4782 Fr.
294 4722 365 4780 100.
390 4721 438 4782 Bi.
463 4725 538 4795 post
557 4739 610 4783 me
629 4745 682 4784 νου
703 4725 808 4800 φίλου,
820 4725 982 4786 Headlam
1001 4747 1054 4785 νου
1072 4725 1176 4800 φίλων.
1193 4759 1236 4766 -
1248 4726 1305 4788 νε.
1320 4730 1350 4789 3.
1376 4727 1465 4805 τήνδε
1484 4726 1539 4803 τὴν

259 4821 345 4880 πόλιν
375 4819 446 4904 λέγῃ
477 4823 584 4884 Nubel
614 4825 720 4887 multo
752 4826 872 4887 melius
903 4841 1002 4899 quam
1032 4825 1087 4903 τὴν
1118 4827 1206 4887 πόλιν
1238 4825 1347 4888 ἑαυτοῦ
1378 4827 1447 4911 λέγῃ
1473 4829 1539 4904 Β1.,

259 4937 341 4994 quae
364 4923 485 4984 vittoso
509 4925 576 4985 ictu
600 4929 632 4986 et
657 4928 778 4988 vitioso
802 4942 954 4988 sermone
975 4932 1044 5002 (pro
1063 4925 1117 5002 τὴν
1138 4925 1248 4988 ἑαυτοῦ
1266 4929 1364 4998 πόλιν)
1384 4931 1540 4991 damnan-

258 5027 322 5085 tur.
341 5024 495 5087 Oeterum
514 5029 700 5090 rectissime
721 5029 826 5090 Koch:
850 5029 950 5104 „talia
970 5030 1146 5090 emendare
1166 5031 1248 5091 nihil
1269 5031 1356 5092 aliud
1378 5035 1539 5104 estquam

1410 5137 1435 5180 ιο
