3748 5792
822 516 884 575 111

231 712 298 758 non
321 712 405 772 nego
429 698 480 768 (cl.
500 697 580 759 Poll.
602 697 633 756 ΙΙ
660 699 747 776 136),
772 699 830 760 sed
854 713 917 773 quo
942 700 1038 774 pacto
1063 712 1180 758 versus
1203 698 1288 760 alter
1310 699 1386 772 apte
1408 698 1514 760 redin-

233 799 413 874 tegrandus
437 801 481 859 sit
503 799 603 860 luerit
621 799 847 861 indicandum.
867 800 939 861 Hoc
958 799 1080 860 saltem
1100 801 1189 860 recte
1207 799 1515 874 agnovitHeadlam

235 903 311 975 post
334 901 435 961 verba
457 909 574 979 πρῶτον
598 909 696 984 σιωπῇ
720 905 780 972 (νο.
803 903 833 972 7)
853 901 948 976 sequi
967 900 1119 963 debuisse
1138 900 1355 976 respondendi
1367 899 1514 962 verbum.

234 1002 315 1063 Vide
338 1004 451 1064 autem
476 1018 517 1064 an
541 1004 613 1064 eius
637 1004 773 1065 invento
796 1004 845 1063 sic
867 1002 916 1063 uti
940 1003 1053 1079 liceat,
1078 1003 1306 1078 allegamus:

456 1103 579 1185 ἔκρουσε
602 1106 781 1167 πουλύπουν
803 1099 869 1184 τιν’,
896 1124 934 1183 <,
953 1098 998 1165 εἶτ’
1026 1103 1203 1184 ἀπεκρίνατο

457 1206 585 1285 μόλις>,
608 1203 624 1268 ὃ
648 1202 675 1269 l'
703 1205 873 1287 ἐπρήσθην,
891 1204 942 1267 καὶ
964 1201 1041 1267 τόδ’
1068 1205 1105 1268 οὐ
1128 1210 1227 1267 λαλῶν
1251 1203 1304 1266 ὅλα

458 1307 493 1368 τὰ
516 1303 631 1389 ῥήματ’,
654 1305 727 1368 ἀλλὰ
750 1306 904 1387 συλλαβὴν
927 1306 1061 1386 ἀφελών,
1079 1302 1206 1387 ’ττοὶρων

456 1411 556 1489 βολῶν
579 1404 683 1491 γένοιτ’
705 1405 759 1471 ἄν’
782 1403 815 1487 ‘tl
840 1405 873 1470 δὲ
896 1405 1007 1489 κέστρα
1029 1404 1100 1471 ’κτὼ
1124 1403 1241 1490 βολῶν”
1269 1405 1325 1468 κτὲ.
1453 1489 1456 1500 Ι

235 1512 391 1573 Deinde
426 1513 496 1573 vix
531 1513 766 1590 respondit,
803 1511 928 1586 idque
963 1517 1078 1588 (quae
1112 1527 1179 1572 res
1210 1511 1419 1572 furiosum
1453 1527 1514 1573 me

233 1614 381 1686 reddit)
414 1618 490 1677 cett.
524 1615 586 1677 ssd
613 1615 756 1680 fortasse
778 1611 827 1672 καλ
852 1612 931 1691 τότε,
952 1616 994 1675 et
1017 1616 1102 1674 turn
1125 1614 1207 1684 (soil.
1232 1613 1361 1687 quando
1384 1627 1514 1688 respon·

232 1719 297 1788 det)
331 1718 452 1778 melius
485 1717 682 1794 servabitur,
719 1732 795 1778 cum
829 1717 1027 1792 praesertim
1067 1717 1177 1791 potins
1210 1709 1286 1776 τοῦτ’
1323 1717 1516 1793 expectetur

233 1834 334 1894 quam
365 1814 439 1878 πόδ’.
465 1853 505 1864 -
529 1817 643 1898 τιάραν
675 1823 765 1881 certa
797 1819 927 1880 videtur
958 1817 1074 1879 Koclrii
1097 1818 1255 1880 correctio
1278 1833 1337 1893 pro
1359 1815 1514 1897 τεττάρων,

231 1937 292 1983 neo
315 1923 437 1984 rectius
460 1921 509 1983 Bl.
533 1921 633 1983 scribi
657 1923 756 1983 iussit
779 1920 884 1999 τάρων.

190 2022 238 2084 dr.
263 2024 316 2084 35.
352 2021 369 2082 ἕ
373 2045 456 2103 χειν
491 2023 662 2107 καθαρείως
697 2021 866 2104 ἐγχελύδιόν
902 2044 927 2081 τι
958 2018 1009 2082 καὶ
1032 2018 1090 2081 κτὲ.
1121 2021 1185 2081 Vix
1209 2036 1327 2082 sanum
1353 2023 1405 2082 est
1427 2018 1512 2099 ἔχειν.

231 2124 380 2201 Propone
410 2127 565 2205 λαβεῖν,
594 2128 614 2188 i.
640 2142 668 2188 e.
700 2123 860 2207 ἀγοράσαι,
890 2123 962 2186 coll.
994 2123 1172 2185 Nicostrati
1195 2123 1233 2184 ir.
1259 2125 1289 2200 6,
1315 2124 1334 2184 2
1358 2120 1399 2200 μὴ
1420 2125 1512 2182 πολυ-

231 2231 332 2304 τελῶς,
365 2225 438 2287 ἀλλὰ
468 2228 652 2308 καθαρείως,
682 2227 840 2288 δασύποδα
864 2261 905 2269 -
936 2223 1087 2306 ἀγόρασον
1117 2222 1174 2284 κτὲ.
1206 2224 1314 2286 Etiam
1339 2223 1511 2298 Blaydesio

231 2332 422 2404 suspectum
453 2346 527 2392 esse
561 2347 649 2392 nunc
683 2331 776 2392 video
811 2328 901 2409 ἔχειν,
936 2329 990 2404 qui
1021 2327 1062 2389 de
1092 2342 1184 2388 more
1208 2326 1351 2404 plurima
1373 2326 1509 2388 conicit:

233 2429 350 2510 ἔσθειν,
380 2428 461 2491 ὠνοῦ
485 2433 608 2508 (quidni
632 2432 743 2512 πρίωῖ)
767 2430 839 2512 λαβέ
862 2454 929 2506 νυν,
952 2427 1025 2508 λαβέ
1043 2452 1085 2505 τι,
1108 2430 1142 2490 in
1166 2429 1295 2490 ultimis
1318 2427 1511 2503 conspirans

231 2549 334 2609 paene
365 2549 506 2595 mecum.
531 2534 622 2595 idem
647 2537 818 2610 praeterea
840 2534 1014 2609 postulans
1036 2554 1063 2590 ιι
1093 2526 1112 2608 ἢ
1140 2532 1173 2590 et
1201 2531 1290 2591 vs.2
1322 2525 1342 2608 ἢ
1373 2545 1430 2604 pro
1460 2525 1509 2588 καὶ

232 2636 392 2698 refellitur
426 2638 542 2698 eodem
572 2637 751 2699 Nicostrati
781 2636 866 2714 loco,
911 2651 978 2697 ves.
1011 2636 1049 2708 3;
1081 2636 1120 2707 4;
1149 2637 1185 2715 53
1216 2631 1339 2692 rectius
1369 2631 1510 2692 tortasse

232 2753 280 2800 vs.
306 2741 325 2800 2
349 2739 513 2800 dubitavit
531 2738 571 2800 de
601 2739 709 2800 torma
741 2737 963 2818 γλαυκινιδίου,
994 2737 1070 2811 quia
1093 2735 1205 2795 nullus
1227 2733 1273 2794 sit
1297 2733 1397 2808 piscis
1419 2735 1510 2812 γλαυ-

229 2844 321 2912 κῖνος.
357 2839 502 2902 Ooniecit
534 2840 564 2900 τί
592 2862 643 2918 μοι
664 2837 708 2918 ll}
740 2841 818 2912 (imo
848 2836 909 2910 καὶ)
940 2835 1130 2918 platonicos,
1161 2838 1219 2897 aut
1248 2833 1277 2894 τί
1305 2829 1324 2912 ἢ
1348 2835 1425 2902 (imo
1448 2830 1509 2904 καὶ)

228 2942 468 3024 γλανιισκιιλίου,
498 2959 580 3018 quae
611 2943 717 3004 forma
740 2955 903 3017 nusquam
928 2939 1078 3014 traditur,
1103 2939 1236 3013 insuper
1258 2937 1384 2997 temere
1406 2935 1508 3009 requi·

230 3061 306 3108 rens
328 3044 476 3124 τεμάχιον.

189 3149 235 3209 i'r.
260 3150 312 3224 37,
334 3149 354 3208 4
378 3147 486 3210 deleto
509 3146 587 3208 οὕτω
611 3151 663 3218 (an
688 3162 798 3208 errore
819 3145 958 3222 repetito
981 3157 1024 3204 ex
1047 3157 1096 3203 vs.
1121 3142 1183 3216 aa),
1208 3142 1283 3215 apte
1306 3138 1484 3200 Headlam:

465 3247 569 3328 (πρὸς
592 3257 708 3314 τοῦτο)
735 3252 828 3326 λῆρον
851 3245 902 3318 τὰς
927 3244 1085 3324 ῥαφάνους
1109 3243 1225 3320 δοκεῖν,
1522 3249 1528 3254 “

228 3352 311 3426 quod
341 3352 437 3427 longe
467 3352 615 3427 praeiere
646 3350 800 3426 Madvigii
827 3349 1036 3410 coniecturae
1066 3343 1174 3406 <τὸν>
1200 3348 1303 3421 λῆρον,
1332 3340 1405 3401 ὥστε
1432 3363 1455 3400 τ.
1479 3339 1505 3419 ρ.

227 3456 317 3532 λῆρον
341 3452 442 3513 δοκεῖν
465 3452 660 3515 stallorum
684 3451 894 3513 commentis.
925 3447 1092 3522 Blaydesii
1113 3444 1301 3507 tentamina
1324 3442 1399 3504 vide
1422 3442 1507 3520 apud

231 3556 337 3631 ipsum
362 3571 391 3630 p.
420 3556 493 3616 142.

189 3655 237 3716 Fr.
257 3659 308 3732 38,
324 3658 354 3718 2.
377 3661 484 3736 πρῖνος
503 3659 537 3718 et
555 3654 686 3734 κόμαρος
706 3653 911 3731 copulantur,
932 3653 1021 3713 utin
1040 3648 1153 3725 Eupol.
1175 3649 1206 3708 ΙΙ
1225 3649 1289 3709 426
1307 3648 1347 3707 Μ.
1368 3645 1450 3717 (Bi).
1465 3679 1505 3689 -

231 3757 284 3820 Vs.
308 3761 339 3820 3.
367 3753 416 3836 <vl
440 3753 467 3818 δ’
493 3749 563 3822 ad>
591 3758 711 3838 κράνσια
734 3754 790 3817 ιιπὲ.
814 3757 911 3819 idem.
937 3754 1136 3828 Expectatur
1159 3765 1240 3812 sane
1263 3747 1432 3810 articulus.

188 3859 236 3920 Fr.
260 3862 312 3936 40,
341 3862 355 3920 1
382 3858 429 3921 Bl.
452 3875 517 3922 non
540 3859 627 3920 male
651 3855 751 3919 ἔλαιον
782 3858 835 3918 vel
858 3851 877 3916 ν’
905 3849 1023 3934 (auty’)
1046 3851 1160 3930 ἔλαιον,
1182 3851 1246 3912 nisi
1265 3850 1349 3911 lorte
1366 3844 1507 3908 τοῦλαιον

229 3964 432 4023 contractum
463 3965 516 4023 est
546 3977 587 4022 ex
617 3983 662 4020 τοι
691 3958 799 4020 ἔλαιον.
829 3958 894 4020 Res
916 3959 951 4019 in
975 3957 1037 4018 hac
1055 3955 1234 4030 fragmenti
1257 3951 1418 4012 brevitate
1441 3965 1505 4012 non

228 4067 338 4139 potest
360 4063 541 4125 diiudicari.

189 4164 235 4225 Fr.
259 4168 312 4241 45,
349 4180 425 4227 cum
459 4165 550 4226 nulla
579 4164 625 4225 sit
656 4163 794 4224 Arsenio
824 4162 919 4236 tides,
951 4160 1021 4220 iure
1052 4155 1237 4219 0.0rusius
1266 4155 1352 4214 inter
1381 4153 1505 4214 incerta

228 4268 427 4328 incertorum
460 4266 649 4342 fragmenta
682 4262 932 4338 relinquendum
963 4261 1068 4321 luisse
1103 4260 1211 4333 putat;
1241 4257 1322 4317 item
1354 4254 1414 4330 Bl,
1451 4255 1506 4326 qui

227 4368 394 4430 Plutarchi
417 4367 595 4429 lectionem
618 4371 699 4426 ardet
722 4367 885 4442 tragicum
909 4363 1054 4424 indicare
1077 4361 1166 4421 recte
1190 4356 1323 4418 iudicat.

188 4469 236 4531 Fr.
259 4473 311 4532 46.
493 4466 562 4548 οὐχ
585 4465 858 4545 ὑποστρώσεις
881 4465 951 4525 ποτὲ
972 4457 976 4544 Ι
997 4462 1163 4542 τρίκλινον;

230 4573 308 4648 Quid
331 4573 377 4633 sit
395 4569 642 4649 ὑποστρωννύναι
668 4566 787 4648 δέμνια,
812 4564 947 4646 λέκτρον,
970 4563 1094 4626 similia
1117 4560 1287 4636 intellego,
1311 4557 1369 4619 sed
1393 4557 1505 4617 absur-

228 4675 305 4736 dum
339 4675 391 4735 est
424 4670 675 4752 ὑποστρωννύναι
709 4669 866 4750 τρίκλινον.
900 4669 986 4729 Num
1021 4667 1106 4728 forte
1140 4661 1184 4723 οὐ
1219 4661 1264 4724 σύ
1298 4681 1358 4721 τοι
1389 4663 1426 4730 (S.
1455 4656 1505 4735 δὴ)

228 4775 413 4855 στρώσεις
435 4771 516 4834 nrt?
540 4773 586 4836 Cf.
607 4773 720 4848 Polyb.
746 4773 798 4847 31,
825 4771 855 4847 4,
881 4772 900 4830 3
924 4767 1049 4848 ἔστρωτο
1074 4760 1102 4826 δ’
1125 4763 1166 4837 εἰς
1186 4761 1313 4842 εὐωχία-ν
1331 4760 1408 4841 χίλια
1426 4759 1504 4839 τρίκ-

226 4881 301 4936 λινα,
325 4878 476 4937 socrates
500 4875 603 4936 Rhod.
636 4890 687 4950 ap.
721 4873 841 4934 Athen.
866 4871 911 4932 lV
940 4887 969 4946 p.
998 4869 1105 4931 14λλἸ
1138 4864 1253 4926 δώδεκα
1284 4863 1416 4943 τρίκλινα
1440 4861 1504 4921 ιλια-

227 4978 393 5058 σιρώσασα,
416 4979 501 5039 undc
523 4979 626 5039 etiam
650 4975 773 5053 poesis,
798 4973 856 5036 sed
880 4973 992 5035 minue
1016 4960 1504 5045 1οαίλοσ,οὐσιασνρώσειςιιπὲ.;

187 5079 234 5140 li'r.
260 5083 332 5144 149.
356 5076 597 5160 διαπαρθένλιλια
621 5077 703 5159 δῶρα
728 5076 824 5138 malit
847 5074 1000 5149 Blaydee.
