3718 5788
806 413 866 469 199

211 597 359 656 strab
383 593 482 668 λίθον,
506 595 525 654 i.
551 611 578 655 e.
603 591 744 671 όφαινον,
767 612 824 671 pro
848 595 944 673 λιμόν.
969 599 1037 673 Quo
1060 613 1160 659 sensu
1183 597 1231 658 Bl.
1257 596 1355 681 δίφρῳ
1375 598 1407 658 in
1428 595 1490 682 ἥρῳ

212 698 333 771 mutet,
359 696 538 771 caliginosa
561 700 656 758 nocte
675 697 758 758 mihi
778 699 950 759 obscurius
970 701 1031 760 est.
1055 733 1092 744 —
1114 699 1169 760 Vs.
1184 703 1214 760 6.
1235 699 1326 759 Idem
1346 696 1491 775 όιιιηλόθη

212 814 269 873 pro
303 796 478 876 ἀπεστράφη
506 804 538 860 et
563 815 610 859 vs.
639 798 764 872 δίδαξε
793 799 890 860 κιόντα
913 817 971 877 pro
995 799 1095 872 ίόοξεν
1119 800 1198 882 αὐτῷ
1225 801 1391 876 proponit,
1415 800 1491 874 quid
1544 793 1547 800 ⁴

213 914 290 959 vero
315 915 363 959 νε.
390 901 429 960 12
462 899 524 960 sibi
558 900 636 961 velit
663 901 735 962 eius
758 903 946 964 coniectura
969 903 1090 986 τοιαύτη
1116 936 1156 945 -
1181 901 1298 983 καχεξία
1323 917 1380 978 pro
1404 901 1491 975 geni·

213 1001 306 1076 bivis,
339 1017 413 1062 cum
443 1003 636 1077 praesertim
669 1019 735 1064 non
759 1007 866 1066 mutet
890 1021 938 1065 νε.
965 1006 1004 1065 13
1028 1001 1225 1082 ἐζηλωμένης,
1249 1003 1368 1063 vellem
1393 1002 1491 1077 expli·

211 1107 335 1178 cesset,
368 1119 427 1163 nec
458 1103 647 1164 necessaria
678 1105 807 1166 videtur
839 1105 910 1166 eius
934 1107 1074 1166 mutatio
1101 1102 1132 1165 ἐκ
1156 1115 1194 1187 τῷ
1218 1105 1273 1186 βίῳ
1297 1120 1354 1179 pro
1379 1109 1409 1160 ἐκ
1431 1108 1492 1174 ταῖς

212 1204 296 1282 βίαις.
322 1204 493 1264 Manifesto
516 1209 627 1265 autem
652 1201 809 1284 ἐπιπλῆξαι
832 1209 897 1277 (tl)
919 1207 1120 1281 iungendum
1145 1221 1220 1267 curn
1240 1204 1310 1276 τοὺς
1330 1238 1368 1264 -.
1393 1200 1492 1280 ἑλομέ-

214 1327 299 1380 νους,
322 1321 380 1380 pro
399 1304 516 1380 quibus
536 1309 595 1376 ταί,-
611 1339 649 1350 -
664 1304 814 1382 ἑλομένοις
838 1309 968 1382 requiro
994 1323 1069 1369 cunr
1094 1307 1228 1368 Kockio.
1256 1307 1318 1368 Sed
1342 1321 1416 1367 cum
1441 1305 1489 1366 Bi.

213 1406 347 1481 reliquis
376 1407 573 1467 coniecturis
599 1409 633 1468 in
658 1423 706 1468 vs.
732 1410 773 1469 25
797 1410 946 1484 praefero
971 1410 1161 1470 Grotienam
1186 1406 1317 1479 ἀναιδῶς
1341 1423 1398 1483 pro
1429 1403 1491 1465 όιαι

213 1506 271 1567 διὰ.
296 1541 339 1550 -
363 1507 419 1569 Vs.
445 1509 496 1568 27.
518 1508 609 1569 Idem
634 1510 682 1570 Bl.
707 1511 763 1571 cit.
790 1513 843 1572 Ar.
864 1511 920 1586 Eq.
946 1513 1028 1585 842;
1051 1511 1185 1586 Quintil.
1209 1509 1273 1570 XII
1296 1511 1346 1584 11,
1368 1510 1410 1598 2,
1426 1507 1491 1568 Cic.

212 1608 303 1670 Verr.
328 1608 372 1668 IV
403 1610 445 1669 80
476 1609 639 1670 coniciens
670 1609 792 1672 ἔντονον
823 1612 981 1683 (Meineke
1012 1611 1149 1692 εὔτονον)
1174 1627 1204 1671 σε
1229 1613 1289 1684 δεῖς
1318 1610 1493 1672 infeliciter

215 1726 290 1771 vero
327 1725 376 1771 vs.
401 1711 443 1770 29
474 1707 570 1789 ἀργὴν
593 1727 651 1785 pro
674 1710 769 1784 εὐθὺς
800 1715 907 1783 (teneo
939 1728 1051 1774 meum
1082 1703 1169 1772 εὖτε
1200 1714 1258 1772 sut
1286 1711 1431 1772 scribam
1458 1699 1492 1769 111

213 1815 287 1883 κως)
311 1813 344 1872 et
366 1811 437 1872 sine
460 1827 561 1872 causa
583 1814 648 1882 (34)
673 1813 868 1874 mendosum
893 1817 988 1875 vocat
1010 1818 1100 1874 νοσεῖ.
1122 1848 1160 1858 -
1182 1813 1238 1874 Vs.
1263 1813 1316 1874 36.
1340 1812 1494 1872 Fortasse

213 1913 335 1974 rectius
354 1913 402 1973 Bl.
426 1912 598 1987 distinguit
621 1912 744 1990 νεκροὺς
768 1913 911 1992 δειπνῶν,
934 1925 1039 2000 σιωπῇ.
1064 1947 1105 1960 -
1130 1914 1185 1976 Vs.
1206 1915 1259 1974 44.
1283 1913 1384 1973 Notat
1406 1912 1492 1974 idem

214 2015 377 2075 secundae
405 2014 553 2088 syllabae
584 2013 617 2074 in
647 2015 844 2094 πολυχρύσων
873 2017 1132 2092 productionem.
1164 2017 1208 2076 At
1238 2014 1415 2074 manifesta
1442 2016 1494 2074 est

215 2116 348 2192 parodia
378 2116 504 2191 tragica
531 2115 645 2175 Λυδῶν
676 2126 734 2176 τῶν
768 2118 965 2197 πολυχρύσων
996 2117 1071 2190 ἅναξ
1103 2117 1154 2187 (cf.
1185 2117 1260 2177 Eur.
1289 2117 1313 2177 Ι.
1338 2116 1376 2176 Α.
1402 2116 1493 2190 787),

216 2234 299 2293 quae
322 2218 387 2279 iam
414 2217 612 2279 Meinekium
635 2234 701 2279 non
725 2219 833 2281 latuit.

180 2379 381 2446 Nicomachi
404 2383 443 2443 ir.
471 2383 499 2456 1,
525 2383 555 2442 9.
587 2377 678 2441 όιιτὸν
708 2398 766 2458 pro
797 2381 940 2462 πρότερον
969 2382 1131 2444 Headlam
1156 2385 1190 2443 et
1212 2381 1275 2456 Bt,
1301 2381 1356 2454 qui
1377 2393 1494 2453 pamm

218 2481 426 2558 probabiliter
448 2487 618 2558 praeterea
643 2485 782 2546 coniecit
800 2482 900 2562 ἑφθόν
927 2488 960 2546 et
986 2485 1057 2545 sine
1084 2499 1183 2545 causa
1209 2481 1378 2542 ἀποδοῦναι
1401 2480 1493 2550 (red-

219 2585 325 2646 dere.
361 2585 407 2647 of.
442 2601 673 2661 praegressum
707 2585 931 2664 παραλαβόντα)
961 2587 1085 2647 mutari
1116 2584 1207 2646 iubet
1236 2584 1270 2643 in
1300 2585 1494 2658 παραθεῖναι.

220 2685 304 2760 Quae
330 2688 416 2748 idem
444 2688 477 2747 in
501 2687 571 2748 loco
594 2687 766 2763 desperato
789 2690 843 2759 (lb
867 2693 927 2764 sq.)
951 2690 1059 2749 tentat
1081 2687 1236 2761 legantur
1260 2686 1344 2760 apud
1368 2685 1492 2760 ipsum,

219 2788 348 2862 quibus,
373 2789 436 2848 nisi
460 2788 576 2849 inutile
599 2792 702 2866 esset,
727 2790 851 2851 similia
873 2790 979 2852 multa
1002 2789 1121 2850 addere
1144 2802 1286 2863 possem.
1306 2821 1346 2830 -
1364 2785 1419 2846 Vs.
1443 2786 1493 2846 lb.

224 2891 363 2955 <σε>όεὶ
384 2893 417 2951 et
440 2906 488 2950 vs.
516 2891 554 2949 17
580 2881 622 2950 ὧν
646 2889 756 2951 εἰδέναι
779 2909 818 2950 σε
841 2895 973 2968 κρεῖττον
1000 2880 1038 2968 ἦν
1062 2889 1133 2966 πρίν
1156 2910 1206 2964 μοι
1228 2891 1330 2947 καλεῖν
1352 2888 1494 2948 fortasse

220 3001 306 3059 recte
336 2995 424 3054 idem
454 2993 593 3054 coniecit
622 2994 685 3054 nisi
716 2995 799 3068 quod
827 2993 986 3055 traditum
1010 3009 1057 3051 σοι
1080 2990 1206 3052 servari
1229 2991 1348 3064 potest.
1374 3021 1413 3032 -
1439 2986 1495 3046 Vs.

221 3103 272 3161 39.
296 3098 344 3158 Bl.
369 3110 426 3170 pro
448 3093 522 3170 πρὸς
546 3090 596 3170 ἐμὲ
618 3093 669 3154 καὶ
691 3095 874 3175 γραφήσεται
894 3095 1045 3169 proponit
1067 3092 1142 3168 πρὸς
1165 3087 1215 3167 ἐμέ
1233 3084 1256 3168 γ’
1280 3087 1496 3168 ἐγγραφήσεται

219 3205 275 3263 aut
297 3195 542 3274 capillatione
565 3198 623 3255 aut
648 3195 889 3277 συγκραθήσεται.
920 3195 999 3254 Mihi
1023 3192 1181 3268 postulari
1206 3191 1337 3251 videtur
1360 3188 1494 3263 aequi·

226 3299 401 3379 parandi
433 3297 538 3372 notio,
572 3311 632 3356 nec
663 3299 761 3357 verbo
790 3295 917 3376 γράφειν
941 3295 1055 3356 eiusve
1079 3292 1271 3368 compositis
1295 3304 1369 3350 esse
1393 3289 1495 3350 locus.

221 3403 296 3465 (loll.
321 3399 533 3461 Α1.Τ1ιεε111.
558 3399 622 3458 802
646 3413 707 3474 sq,
732 3401 808 3473 apte
831 3398 1025 3458 conieceris:

441 3497 542 3570 οὐδεὶς
565 3495 660 3578 ἕτερός
684 3515 729 3558 σοι
754 3497 828 3574 πρὸς
852 3495 901 3575 ἐμὲ
926 3495 1233 3573 scarritiones,

221 3619 338 3667 nemo
362 3602 475 3663 alius
500 3615 519 3660 a
544 3604 583 3660 te
607 3600 711 3660 mihi
736 3601 800 3661 vel
825 3602 1072 3676 opponetur.

180 3709 227 3769 i'r.
252 3709 281 3782 2,
310 3707 337 3766 1.
374 3702 519 3764 Meineke
554 3702 717 3762 coniciens
752 3691 785 3761 εὖ
820 3703 889 3778 βίου
924 3699 1086 3780 βεβηκότα,
1120 3698 1204 3774 quod
1235 3697 1292 3756 vix
1326 3709 1495 3769 graecum,

219 3809 430 3880 meminerat,
456 3804 579 3880 opinor,
602 3806 701 3864 notae
720 3803 895 3864 locutionis
919 3793 951 3861 ni
971 3801 1055 3878 ἥκειν
1074 3809 1127 3860 τοῦ
1146 3800 1224 3877 βίου.
1240 3797 1343 3857 Valde
1355 3796 1498 3870 placeret

222 3903 680 3987 Κοα1111111111111111η,111ε1
703 3904 897 3980 scrupulum
916 3904 999 3964 mihi
1019 3906 1169 3964 moveret
1190 3897 1353 3979 βεβιωκότα
1373 3897 1497 3957 dictum

220 4029 277 4089 pro
309 4013 417 4086 ζῶντα,
447 4007 531 4083 quod
562 4008 590 4067 si
623 4009 712 4068 recte
741 4021 778 4066 se
800 4007 935 4082 babeat,
964 4005 1071 4079 possis
1095 4005 1196 4064 etiam
1220 4000 1368 4061 conicere
1391 3993 1498 4075 ὀλβίας

222 4111 393 4194 βεβιωκότα.
428 4109 583 4170 Fortasse
615 4109 717 4184 igitur
757 4107 1009 4182 praeferendum
1044 4107 1127 4180 quod
1163 4103 1242 4163 olim
1277 4099 1432 4178 proposui
1467 4095 1498 4158 ἐν

222 4214 333 4294 ὀλβίοις
358 4211 516 4292 βεβηκότα.

365 4324 370 4332 κ

180 4377 337 4445 Xenonis
360 4376 398 4438 ir.
423 4375 518 4435 Prius
537 4373 644 4444 πάντες
664 4389 768 4448 neque
789 4388 863 4434 cum
884 4372 1010 4432 Nabero
1030 4372 1062 4431 in
1084 4365 1205 4446 ἄνδρες,
1222 4382 1327 4441 neque
1351 4380 1427 4426 cum
1449 4363 1498 4424 Bi·

222 4483 255 4542 iu
279 4479 311 4540 αί
329 4475 385 4558 γὰρ
409 4477 626 4551 mutaverim,
647 4475 704 4536 sed
727 4491 774 4536 vs.
796 4476 814 4534 2
839 4479 916 4535 ante
943 4476 958 4534 1
984 4470 1242 4547 transposuerim
1267 4483 1341 4530 cum
1365 4465 1498 4527 Kockio.

181 4639 352 4726 Polyoclrl
376 4640 414 4700 lr.
440 4640 520 4714 Quid
545 4641 735 4715 deliquerim
763 4641 843 4700 vs.2
870 4639 1021 4699 conicens
1045 4633 1136 4718 ίσθης
1163 4649 1220 4710 pro
1240 4630 1329 4714 ἔλθη,
1348 4630 1500 4706 quamvis

223 4743 425 4821 displicuerit
454 4741 592 4816 Kockio,
626 4741 771 4802 nondum
795 4740 903 4816 video,
929 4753 989 4798 nec
1012 4738 1108 4798 facile
1132 4736 1237 4796 lenior
1260 4731 1501 4806 excogitabitur

224 4846 361 4908 medela.
385 4843 557 4904 Deforme
579 4840 680 4901 ἔσθειν
704 4857 761 4918 pro
781 4838 894 4900 ἐσθίειν
917 4840 1000 4900 satis
1024 4840 1163 4899 constet.
1184 4835 1317 4910 Triplex
1335 4831 1501 4906 Blaydesii

224 4951 395 5010 testamen
419 4944 548 5020 legetur
571 4943 656 5020 apud
680 4944 788 5020 ipsum
812 4959 842 5018 p.
868 4944 942 5002 260.
