3748 5792
864 539 906 604 79

268 729 337 794 veri
361 729 535 794 simillima
565 731 706 793 videtur.
739 731 791 791 Ita
816 745 945 805 quoque
968 730 1091 792 iudicat
1113 729 1176 807 Bi,
1208 729 1263 805 qui
1286 731 1456 805 praeterea
1478 729 1549 794 sine

269 848 370 895 causa
392 835 503 895 tentat
523 829 599 913 πρὸς
622 829 805 910 τετμημένον
825 830 830 911 Ι
852 829 949 912 μέρος.

221 935 277 996 Fr.
303 937 354 996 la.
673 931 801 1012 ἐκτεμὼν
824 934 934 1013 χορδης
958 937 1092 1012 μεσαῖον.

267 1036 408 1112 Blaydes
431 1035 586 1098 dubitans
609 1038 721 1096 utrum
746 1034 834 1114 τόμος
859 1051 900 1096 an
919 1033 1042 1114 τέμαχος
1061 1033 1282 1110 supplendum
1301 1035 1355 1112 sit,
1376 1050 1441 1096 non
1462 1036 1547 1098 vide·

266 1140 320 1199 tur
343 1138 539 1200 observasse
562 1138 601 1199 de
628 1137 775 1215 piscibus
795 1139 988 1200 constanter
1008 1134 1131 1215 τέμαχος
1152 1141 1223 1206 (nos
1246 1139 1368 1208 mont)
1388 1136 1547 1216 adhiberi,

268 1240 307 1301 de
332 1255 416 1316 pane
444 1255 535 1316 vero,
560 1238 726 1316 placenta,
752 1239 938 1316 sarcimine,
968 1237 1197 1313 similibusque
1226 1239 1339 1298 eadem
1364 1240 1551 1301 constantia

267 1339 355 1418 τόμος
385 1342 545 1413 (suade).
577 1340 639 1402 Hic
670 1341 772 1417 igitur
801 1342 990 1402 necessario
1021 1340 1221 1402 audiendum
1245 1344 1297 1402 est
1319 1343 1377 1402 aut
1399 1341 1548 1418 supplen·

268 1443 346 1504 dum
377 1441 512 1521 τέμαχος,
540 1445 577 1503 ut
607 1459 637 1504 v.
663 1458 690 1504 c.
714 1445 770 1504 Ar.
790 1444 846 1519 lio.
874 1443 970 1504 1179.
999 1444 1095 1504 1190.
1126 1443 1263 1517 Saepius
1293 1443 1377 1519 apud
1405 1443 1549 1505 comicos

268 1559 436 1606 occurrere
459 1541 602 1616 ἀλλᾶντος
625 1549 720 1616 (των)
743 1543 832 1623 τόμος
856 1548 942 1624 (μοι)
967 1545 1096 1606 docebit
1118 1544 1239 1605 lacobii
1262 1544 1374 1605 Index.

222 1646 277 1707 Fr.
304 1647 355 1723 74,
381 1648 411 1708 l.
882 1651 919 1706 A.
943 1643 998 1719 ἔξω
1021 1669 1065 1719 τις
1088 1644 1164 1706 δότω

514 1746 622 1826 ἱμάντα
643 1745 752 1828 ταχέως
775 1740 871 1808 οἷον.
897 1749 936 1806 Π.
960 1746 1016 1808 οὐκ
1039 1745 1134 1826 ἔγνων
1157 1745 1258 1818 ἴσως.

513 1847 650 1910 ἔπειτα
672 1857 759 1911 τοῦτο
784 1852 898 1928 ζημιοῖς
923 1870 974 1928 με;
998 1847 1143 1926 μηδαμῶς
1166 1845 1223 1908 nrt.

269 1951 398 2026 Optime
422 1951 583 2013 Headlam
607 1953 796 2028 paedagogo
820 1951 1021 2026 Ganymedis
1044 1950 1159 2011 tribuit
1182 1942 1261 2026 οἷον,
1292 1951 1349 2012 sed
1373 1951 1475 2012 etiam
1500 1953 1547 2012 sio

268 2069 368 2116 sensu
393 2069 527 2116 cassum
551 2054 681 2114 videtur
705 2052 783 2125 ἴσως.
808 2053 978 2129 Suspicor:

892 2151 947 2227 ἔξω
970 2175 1014 2225 τις
1038 2150 1114 2213 δότω

514 2254 621 2334 ἱμάντα
644 2251 761 2334 ταχέως.
779 2237 825 2314 Π.
849 2246 916 2315 οἷον
939 2253 995 2316 οὐκ
1019 2251 1115 2334 ἔγνων
1138 2253 1271 2334 τάλας,

514 2355 613 2418 ἔπειτα
635 2354 692 2418 κτὲ.

269 2459 440 2521 Sententia
455 2462 520 2521 est:
544 2459 653 2536 ,Quod
666 2459 761 2534 quale
774 2475 871 2535 rogae
883 2475 937 2520 me
950 2460 1173 2535 aenigmanon
1187 2460 1272 2520 solvi
1286 2459 1396 2536 miser,
1409 2461 1548 2523 hancine

269 2561 351 2622 mibi
381 2561 524 2623 multam
555 2561 722 2637 imponis?
754 2562 874 2622 Facere
903 2560 1012 2622 nolil”
1044 2553 1221 2621 olov=du
1252 2569 1368 2622 τοιοῦτο
1398 2563 1480 2634 (scil.
1512 2557 1548 2622 ὃν

268 2661 444 2742 προβάλλεις
466 2683 518 2740 μοι
540 2665 665 2742 γρῖφον,
686 2659 763 2734 τιεῖ),
789 2662 851 2724 Sed
874 2663 1016 2723 fortasse
1038 2665 1202 2739 praestat:

847 2758 913 2827 οἷον
936 2764 993 2827 οὐκ
1016 2762 1167 2846 ἔγνωκά
1190 2785 1281 2843 πως,

514 2858 599 2927 εἶτα
624 2864 688 2927 διὰ
711 2875 797 2930 τοῦτο
821 2869 936 2948 ζημιοῖς
959 2890 1010 2946 με;

270 2967 325 3030 Vs.
353 2969 402 3029 13.
427 2967 540 3030 Placet
569 2969 685 3031 Koclrii
716 2971 904 3032 coniectura
932 2967 1174 3050 ἀποστρέψαντα,
1198 2986 1259 3032 neo
1281 2971 1432 3047 displicet
1453 2972 1546 3047 Blay·

270 3069 407 3132 deeiana
429 3069 629 3148 συνδήσαντα.

228 3172 279 3234 Fr.
305 3173 356 3234 75.
848 3173 1060 3252 καλυψάμενος
1082 3173 1229 3260 τριβωνίῳ

514 3271 762 3354 διεπαρθένεσσα.

268 3375 316 3436 Bi.
341 3372 593 3456 ἐγκαλυψάμενος.
618 3377 742 3437 Locum
766 3393 831 3438 non
855 3378 938 3439 satis
961 3377 1133 3454 intellego,
1155 3393 1212 3438 cur
1235 3378 1322 3438 enim
1346 3378 1445 3440 homo
1464 3377 1547 3438 dica·

267 3479 323 3538 tur
344 3492 380 3538 se
402 3477 544 3539 tribonio
566 3478 749 3540 involvisse
768 3478 856 3540 haud
875 3495 1043 3556 assequor,
1063 3482 1097 3540 et
1118 3479 1205 3541 male
1225 3494 1278 3541 me
1291 3479 1391 3540 habet
1402 3479 1548 3540 omissus

268 3579 439 3656 articulue,
463 3580 521 3641 sed
541 3580 688 3656 excerpti
711 3581 857 3642 brevitas
880 3581 991 3643 obstat
1013 3580 1247 3644 emendationi.

222 3679 280 3740 Vs.
304 3681 357 3757 76,
382 3682 412 3742 2.
435 3681 511 3742 Iure
534 3677 640 3761 προεῖτ’
668 3681 716 3743 Bl.
741 3683 892 3744 Atticum
915 3698 981 3744 non
1005 3684 1058 3744 eet
1080 3676 1203 3760 ντρόοιά.

223 3783 275 3843 Fr.
300 3783 353 3866 77,
378 3783 407 3846 3.
439 3777 606 3861 εέφραένεέ
639 3780 745 3861 ὀσμαῖς
774 3785 898 3862 optime
929 3783 1077 3845 Meinelre
1101 3784 1215 3847 elicuit
1238 3799 1280 3845 ex
1303 3784 1371 3845 cod.
1396 3784 1425 3844 A
1448 3786 1546 3846 Atlre·

268 3885 339 3945 naei
363 3884 503 3946 lectione
526 3883 730 3964 εὐφροσύναις
754 3882 887 3964 ὀσμαῖσι,
916 3901 977 3947 nec
1007 3886 1114 3947 Nabar
1137 3887 1295 3948 debuerat
1318 3901 1430 3947 serum
1455 3901 1546 3948 voca·

266 3986 379 4047 bulum
403 3983 501 4065 ὄσμρα
524 3990 649 4050 comico
676 3990 778 4050 veteri
802 3988 986 4051 obtrudere.

223 4087 274 4148 Fr.
300 4087 351 4148 78.
376 4087 464 4149 Bene
487 4088 536 4151 Bl.
561 4089 741 4167 μελίσηκτα;
766 4091 797 4150 Β.
818 4089 884 4168 ναέ,
902 4087 973 4168 τιττῖ,
996 4091 1054 4151 sed
1074 4089 1136 4150 hoc
1154 4089 1261 4165 ipsum
1282 4090 1423 4150 fortasse
1442 4088 1548 4150 voluit

268 4189 510 4250 emendationis
533 4192 656 4251 auctor.

224 4288 275 4349 Fr.
299 4289 351 4365 80,
376 4291 406 4351 9.
429 4294 518 4369 γελᾶν
541 4305 653 4352 meum
678 4291 814 4367 probavi
838 4291 1022 4367 Blaydesio.
1038 4325 1077 4335 —
1099 4291 1154 4354 Vs.
1178 4294 1228 4353 12.
1250 4292 1362 4355 Cobeti
1382 4292 1548 4373 σιτάρκημα

268 4406 331 4452 non
362 4393 413 4452 est
443 4391 542 4453 dubia
571 4393 769 4454 emendatio.
801 4391 847 4454 Oi.
879 4393 1007 4455 lexicon
1038 4409 1152 4454 meum
1181 4395 1287 4471 suppl.
1318 4411 1348 4471 p.
1376 4397 1490 4457 741s.
1516 4413 1546 4458 v.

268 4492 413 4572 σνταρχέα,
435 4493 490 4555 ubi
513 4495 597 4556 adde
620 4495 673 4555 ΡΒ
697 4496 772 4572 948,
801 4497 851 4586 13.

225 4593 275 4654 Fr.
306 4595 359 4671 81,
393 4597 421 4656 1.
452 4595 589 4657 Temere
619 4620 661 4669 τις
691 4613 748 4673 pro
779 4619 829 4674 μοι
860 4597 927 4672 ΒΙ.;
959 4613 1019 4658 nec
1054 4598 1163 4674 magis
1196 4598 1384 4659 necessaria
1417 4599 1547 4659 videtur

268 4695 380 4758 Koclrii
416 4698 606 4759 coniectura
634 4695 825 4779 αρσσφερέτα
856 4701 913 4760 aut
943 4699 1028 4772 quod
1060 4701 1229 4773 praeterea
1258 4699 1411 4774 proponit
1433 4700 1481 4761 Bl.
1505 4722 1548 4772 τις

267 4795 385 4878 φερέτω.
418 4799 610 4862 Subiectum
640 4801 704 4862 iuit
734 4800 767 4861 in
798 4801 1012 4877 praegressis.
1043 4802 1281 4876 Fragmentum
1316 4803 1429 4862 autem
1459 4816 1545 4862 sum·

268 4903 337 4962 tum
371 4901 502 4963 videtur
535 4917 553 4963 e
584 4904 774 4966 narratione
804 4904 874 4965 eius
914 4905 970 4978 qui
999 4903 1153 4978 loquitur,
1190 4905 1226 4962 ut
1260 4903 1370 4978 arguit
1403 4905 1548 4965 aorlstus

268 5017 315 5064 vs.
339 5005 358 5063 2
383 5001 558 5082 ένεχεάμην,
588 5005 868 5080 quemadmodum
900 5005 984 5067 bene
1006 5019 1064 5079 pro
1087 5001 1250 5083 ἐνεχεάμην
1278 5006 1422 5066 correxit
1444 5006 1545 5068 Koclr.

267 5103 330 5166 Nec
353 5105 449 5167 video
470 5120 527 5167 cur
544 5106 665 5170 ibidem
682 5125 740 5185 pro
759 5106 826 5187 οὐχέ
845 5108 951 5192 παιδιᾷ
971 5108 1070 5178 (recte
1088 5107 1187 5177 idem)
1206 5107 1255 5168 Bl.
1275 5109 1421 5182 requirat
1439 5108 1495 5170 οὐκ
1514 5107 1546 5170 έν
