3778 5796
979 485 1020 544 46

382 690 539 736 converso
574 672 741 748 adverbio,
778 687 841 746 quo
871 673 968 732 Iones
998 671 1045 730 illi
1075 671 1223 747 hospites
1255 672 1436 734 identidem
1470 673 1659 748 utebantur,

381 777 554 852 scripsisse
577 773 665 859 ὄνῳ,
681 789 745 834 non
765 769 842 849 ὁμοῦ
870 787 946 833 oum
963 771 1101 849 Xockio‚
1126 772 1211 847 quod
1230 773 1282 834 hio
1301 776 1379 849 apto
1399 790 1498 836 sensu
1521 777 1659 850 careret,

382 882 418 939 ut
440 879 541 939 etiam
565 877 669 937 sensit
692 875 755 951 Bl.‚
781 875 836 949 qui
859 875 929 948 ipse
953 873 1093 935 coniecit
1115 871 1200 945 ὅκως.
1234 875 1349 936 Simile
1371 875 1447 950 quid
1470 875 1549 937 fecit
1570 876 1660 937 idem

382 981 478 1055 poeta
501 979 533 1038 ln
557 978 596 1039 fr.
617 979 681 1039 869
702 977 787 1052 apud
807 976 964 1037 Photium
991 978 1023 1037 et
1048 975 1081 1036 in
1101 977 1307 1038 Baohmanni
1325 977 1448 1039 Anecd.
1469 979 1579 1054 1382,
1600 978 1659 1038 2οε

382 1080 506 1159 τάχας·
530 1077 600 1151 τοὺς
623 1078 896 1156 καταστοχασμούς,
919 1074 1001 1155 παρὰ
1031 1075 1064 1136 τὸ
1094 1077 1198 1156 τάχα.
1222 1077 1316 1150 οὕτως
1340 1078 1567 1158 Ἀριστοφάνης,
1589 1094 1660 1141 nec·

382 1183 461 1244 durn
492 1197 546 1242 me
576 1181 725 1257 poenitet
754 1180 876 1241 veteris
905 1179 1125 1255 coniecturae,
1162 1181 1195 1240 in
1230 1196 1329 1256 quam
1360 1185 1435 1257 post
1464 1199 1518 1242 me
1547 1182 1663 1242 incidit

382 1283 544 1358 Vollgraff
560 1297 667 1358 meus,
685 1280 767 1343 Nub.
789 1281 853 1341 719
873 1281 941 1351 (ubi
961 1280 1143 1356 corrigatur
1159 1282 1345 1343 Leeuwenii
1369 1284 1442 1344 adn.
1464 1284 1588 1352 critica)
1607 1297 1664 1357 pro

382 1387 536 1459 suspecto
571 1391 750 1462 φρουρᾶς
786 1382 1056 1443 substituendum
1092 1398 1166 1444 esse
1201 1383 1391 1460 φρούὸας,
1425 1385 1556 1445 collatis
1593 1399 1662 1444 vas.

383 1486 596 1562 praegressis.
622 1519 662 1528 -
687 1484 743 1545 Va.
769 1486 788 1545 5
821 1483 904 1544 satis
934 1483 1148 1558 probabiliter
1179 1485 1325 1560 explevit
1356 1485 1461 1562 Xoolr,
1492 1486 1556 1545 nisi
1579 1485 1666 1560 quod

383 1587 499 1648 malim
523 1586 565 1658 εἰς
581 1583 714 1663 Ἔφεσον
737 1583 786 1664 <ii
809 1591 878 1661 (pro
906 1581 946 1656 ἐς)
974 1584 1128 1661 Μίλητον,
1151 1585 1181 1644 οἳ
1199 1579 1225 1645 d’
1249 1585 1290 1658 είς
1310 1587 1486 1664 Κύζικον),
1505 1590 1564 1648 aut
1587 1601 1663 1647 cum

383 1683 500 1766 Bill’g
561 1687 676 1765 ίίητον,
699 1701 759 1748 neo
782 1703 830 1747 vs.
858 1689 877 1747 6
905 1701 980 1747 oum
1005 1687 1120 1748 eodem
1143 1689 1369 1750 necessarium
1390 1689 1532 1752 arbitror
1550 1689 1666 1750 rescri-

384 1791 460 1850 bere
492 1789 521 1848 οἳ
549 1785 589 1848 δέ
617 1783 642 1868 γ’
669 1785 703 1860 ἐς
727 1793 795 1864 (pro
820 1781 847 1846 δ’
873 1786 925 1858 είς)
951 1784 1098 1865 Ἄβυδον,
1140 1804 1204 1849 non
1236 1790 1325 1850 onim
1355 1790 1450 1852 video
1480 1791 1524 1851 ibi
1552 1789 1663 1851 locum

384 1907 458 1952 esse
480 1890 668 1966 geminatae
690 1889 884 1965 particulae,
909 1889 985 1962 quia
1008 1888 1099 1949 nulla
1123 1891 1175 1949 est
1198 1887 1331 1966 αίίξησις.

340 1993 391 2054 Fr.
417 1995 491 2053 544.
637 1990 679 2064 τίς
700 1986 727 2051 δ’
754 1989 795 2062 εἰς
814 1988 959 2070 ἐγγύτατα
983 1986 999 2049 ὃ
1022 1988 1125 2062 λοιπὸς
1146 1988 1198 2062 τὰς
1221 1986 1340 2066 ὀσφύας

640 2089 687 2152 ἐστὶ
710 2101 770 2152 τῶν
792 2100 933 2170 κοχωνῶν
956 2088 1046 2170 ἀργὸς
1070 2090 1159 2163 αὐτὸς
1183 2089 1298 2165 obsco&

383 2197 535 2272 Receptie
559 2195 780 2271 probabilibus
806 2209 887 2254 sane
906 2193 1121 2268 Darembergi
1140 2196 1174 2254 et
1194 2194 1435 2255 Schneidewini
1455 2194 1668 2268 coniecturis,

344 2339 353 2356 .
385 2297 475 2358 Kook
499 2311 601 2372 aeque
625 2295 825 2358 confidenter
848 2311 886 2357 ac
908 2295 1072 2356 violenter
1096 2297 1129 2355 et
1153 2296 1262 2370 inepte
1286 2297 1454 2372 proposuit

639 2397 681 2470 τίς
705 2393 732 2457 i’
760 2395 838 2457 ἐστιν
862 2394 974 2475 οὖφγὺς
997 2393 1257 2473 acroceraunus
1281 2392 1396 2473 ὀσφύος

640 2495 766 2558 ἐπὶτῶν
789 2505 945 2576 κοχωνῶν,
968 2493 1155 2576 ἁργοναύτης
1180 2494 1297 2570 οὑτοσίς

385 2615 450 2662 non
470 2600 618 2660 sentiens
637 2616 736 2674 quam
755 2597 930 2661 difficulter
942 2599 1068 2659 nudum
1081 2605 1132 2673 τῆς
1144 2593 1258 2672 ὀσφύος
1271 2599 1491 2677 intellegatur,
1505 2599 1544 2659 de
1557 2613 1620 2673 quo
1633 2599 1670 2658 in

386 2703 537 2763 versione
556 2705 670 2762 monet
691 2701 897 2776 ,meretricia
917 2700 1056 2760 alicuius
1073 2699 1231 2776 scilicet”,
1245 2715 1305 2762 nec
1317 2715 1417 2776 quam
1430 2701 1535 2762 otlose
1548 2700 1673 2760 ceteris

385 2805 514 2864 adiecta
537 2803 605 2863 sint
627 2802 729 2864 verba
751 2798 800 2862 ἐντί
821 2809 881 2860 τῶν
904 2808 1054 2880 κοχανῶν.
1078 2800 1195 2861 Melius
1217 2803 1331 2876 utique
1353 2803 1626 2877 intellegeremus

642 2903 685 2975 τίς
709 2897 736 2962 d'
763 2900 850 2983 ἔγγὺς
875 2900 1029 2982 (οὖγγὺςῗ)
1053 2898 1147 2978 αὐτῆς
1170 2898 1335 2979 ἁπτόμενος
1358 2910 1410 2980 τῆς
1433 2899 1548 2980 ὀσφύος

640 3003 771 3065 καὶτῶν
795 3012 949 3082 κοχανῶν,
974 2999 1163 3082 ἆργοναύτης
1187 3000 1304 3076 οὑτοσί;

385 3107 447 3168 Sed
470 3109 565 3167 tantu
588 3105 776 3181 corruptela
798 3103 997 3167 coniecturis
1021 3102 1092 3164 tolli
1115 3105 1238 3178 nequit.

341 3208 392 3268 Fr.
418 3210 493 3284 545,
521 3208 539 3267 2
564 3203 638 3286 μέγα
661 3229 688 3266 τι
722 3223 780 3283 pro
803 3204 835 3266 τὸ
859 3201 934 3284 μέγα
956 3205 1005 3266 Bl.
1030 3204 1095 3264 Vix
1117 3207 1352 3268 neceesarium.

340 3309 392 3369 rr.
417 3311 492 3370 549.
517 3308 563 3370 (ll.
588 3308 738 3369 Menand.
764 3308 828 3368 826
853 3306 949 3368 Alex.
974 3307 1009 3380 8;
1034 3305 1142 3380 Polyz.
1167 3305 1285 3368 11867
1311 3309 1351 3369 M.
1376 3307 1458 3379 (Bt).

342 3411 393 3471 Fr.
418 3411 493 3470 559.
517 3408 563 3470 Οί.
586 3409 688 3469 etiam
711 3408 797 3469 Eool.
822 3409 886 3469 833
912 3408 995 3479 (BL).

342 3513 393 3572 Fr.
419 3513 493 3572 563.
518 3511 566 3571 Bl.
581 3511 636 3570 cst.
656 3509 845 3589 βαλανάγρα,
864 3507 1026 3589 γαλεάγρα,
1044 3505 1182 3588 κρὲαγρα.
1206 3509 1318 3571 Adde
1337 3509 1491 3589 ποράγρα,
1509 3510 1669 3589 ποδάγρα,

385 3611 523 3691 zelotypa
543 3613 576 3672 et
595 3610 819 3672 instrumenta
838 3610 1022 3685 chirurgica
1039 3609 1089 3680 (οί.
1103 3609 1215 3672 Herm.
1229 3611 1412 3688 XXXVIII,
1427 3613 1491 3672 282
1504 3616 1564 3686 sq.)
1577 3607 1668 3672 ὀδον-

386 3713 489 3792 τάγρα,
511 3708 664 3791 ὀστεάγρα,
686 3710 807 3791 ριζάγρα
832 3716 907 3785 (qua
929 3711 1073 3771 fortasse
1097 3711 1245 3772 dentium
1268 3714 1395 3774 radices
1418 3714 1669 3786 avellebantur).

342 3816 394 3875 Fr.
419 3815 483 3875 564
507 3829 556 3888 sq.
588 3813 650 3873 Pro
681 3811 913 3892 Ἀριστοφάνους
937 3826 986 3885 ap.
1012 3811 1162 3871 Eustath.
1190 3814 1285 3890 1720,
1311 3815 1353 3874 24
1378 3813 1548 3892 Εὐριπίδου
1572 3815 1668 3876 resti-

385 3917 450 3976 tuit
472 3915 508 3976 6.
528 3913 680 3989 Dindorl,
706 3913 864 3988 probante
883 3912 1042 3988 Nauclrio,
1065 3913 1148 3986 apud
1169 3929 1266 3986 quem
1286 3916 1325 3976 fr.
1345 3917 1507 3992 Euripidis
1524 3919 1576 3978 est
1588 3919 1666 3978 366.

387 4015 498 4076 Nauck
521 4015 600 4075 iecit
623 4029 699 4074 cum
724 4013 863 4088 Bergkio
887 4015 920 4074 et
943 4011 1110 4073 Dindorfio
1133 4013 1337 4090 impugnatis
1359 4033 1379 4078 a
1401 4019 1534 4080 Xockio.
1555 4051 1595 4062 -
1616 4017 1667 4078 Bl.

386 4116 682 4192 grammaticorum
706 4115 789 4175 locis
812 4115 902 4175 addIt
925 4114 1003 4174 Hes.
1029 4110 1211 4191 ἅπιχθος·
1236 4111 1252 4175 ὁ
1276 4115 1316 4194 μὴ
1340 4115 1452 4178 ἐσθίων
1474 4118 1571 4197 ἰχθῦς.

343 4218 395 4278 Fr.
420 4221 493 4291 569,
519 4219 550 4278 6.
575 4213 690 4293 ἄροσιν
714 4215 830 4276 Xockii
862 4215 1085 4275 coniecturam
1115 4230 1173 4290 pro
1197 4213 1323 4293 ἀροῦσιν
1345 4235 1477 4281 meeum
1502 4220 1669 4296 improbat

386 4318 436 4380 Bl.
460 4317 689 4379 Verum'mibi
712 4317 874 4390 hodieque
899 4315 1029 4375 videtur
1051 4311 1187 4393 ίίγοασιν.
1212 4352 1252 4361 -
1280 4321 1336 4381 Vs.
1361 4323 1391 4382 8.
1416 4323 1552 4401 μέγιστον
1581 4312 1667 4381 <obv

387 4411 469 4478 ici>
499 4419 561 4495 Bl.‚
587 4419 641 4492 qui
664 4417 759 4478 Add.
783 4434 813 4493 p.
839 4419 903 4478 316
928 4416 1080 4490 plurimis
1103 4417 1185 4478 locis
1207 4419 1430 4496 fragmentum
1454 4424 1610 4485 illustrat.

344 4521 394 4580 Fr.
418 4521 494 4580 576.
519 4519 567 4579 Bl.
593 4519 647 4579 cst.
672 4520 793 4580 Athen.
813 4517 893 4577 XIII
906 4517 970 4577 595
991 4513 1031 4593 μὴ
1052 4515 1147 4593 μόνον
1165 4518 1323 4595 τρίδουλον
1344 4520 1417 4582 ἀλλὰ
1433 4521 1668 4603 καίτρίττορνον.

344 4622 395 4680 Fr.
419 4621 483 4681 579
508 4622 542 4679 et
565 4621 626 4680 581
652 4619 734 4681 locIs
758 4619 906 4680 illustrat
929 4618 978 4678 Bl.
1002 4619 1098 4680 Add.
1123 4635 1154 4694 p.
1178 4622 1243 4683 316
1267 4640 1315 4698 sq.

344 4723 395 4782 Fr.
419 4721 495 4795 580,
523 4723 550 4780 1.
576 4720 638 4781 Pro
662 4720 821 4798 policrono
840 4720 965 4780 Seidler
984 4719 1154 4794 ταλάντατε,
1173 4721 1221 4783 Bl.
1242 4725 1482 4787 violentissime
1500 4725 1669 4802 σοφώτατε,

388 4823 445 4883 sed
471 4823 541 4914 Fid·
573 4822 673 4883 Koclr.
700 4856 741 4866 -
764 4823 820 4883 Vs.
853 4823 883 4881 2.
919 4822 981 4882 Pro
1016 4821 1057 4892 είς
1093 4822 1268 4886 verissime
1299 4824 1338 4898 ὡς
1369 4829 1504 4904 corrigit
1525 4828 1596 4888 Fix.
1622 4861 1665 4870 —

387 4925 443 4984 Vs.
464 4925 494 4984 3.
522 4923 689 5007 τραγρόίαν
705 4925 757 4984 est
776 4923 897 5000 calami
916 4922 1029 4998 lapsus
1038 4924 1074 4993 (i)
1096 4938 1153 4998 pro
1166 4926 1314 5010 μελῳδίαν
1326 4930 1471 5006 Bergkii,
1493 4944 1590 5004 quern
1604 4929 1666 4990 im·

387 5025 529 5101 prudens
540 5025 663 5100 recepIt
674 5025 783 5098 Xock;
800 5025 941 5084 eundem
954 5026 992 5083 ut
1003 5038 1099 5083 suam
1112 5027 1336 5090 coniecturam
1348 5033 1499 5108 proponit
1511 5030 1666 5104 alaydes.
