3718 5788
809 534 871 594 211

179 721 331 782 81541.
375 720 509 780 Rectius
550 719 790 796 Diogenianum
822 724 853 799 4,
886 724 926 784 97
963 722 1083 784 habere
1118 722 1355 805 δυστυχεστέραν
1388 729 1502 786 monet

223 822 346 882 Nauck.
370 823 441 882 Non
465 823 583 883 accedo
608 823 782 897 Blaydesio
804 824 949 885 tentanti
972 820 1187 902 ἀστοχούντων.

179 922 231 983 Fr.
256 923 321 984 548
344 922 490 985 alienum
513 939 586 986 esse
611 941 630 984 a
654 926 821 987 comoedia
844 925 965 987 iudicat
989 926 1024 986 Ο.
1039 925 1184 988 drusius.

179 1024 231 1084 Fr.
257 1026 332 1086 549.
362 1024 397 1083 αἱ
423 1023 535 1105 γνάθοι
569 1042 609 1102 ,a
635 1027 713 1100 joke
744 1029 794 1088 ior
821 1026 856 1086 αἱ
882 1026 992 1107 γοναλ”
1020 1028 1193 1090 Headism.
1219 1029 1358 1090 Multum
1380 1029 1502 1091 dubito.

226 1124 436 1200 significatur
469 1127 760 1204 maxillarum,
797 1131 842 1189 ut
876 1129 1034 1205 baculi,
1071 1145 1145 1204 ope
1180 1146 1332 1205 corpus
1366 1132 1506 1192 senile

225 1229 482 1290 sustentari.

179 1329 232 1390 l'r.
258 1331 333 1391 554.
469 1326 489 1408 ἦ
512 1327 567 1410 χρὴ
591 1331 808 1415 τραγῳδεῖν
831 1330 946 1404 πάντας
970 1328 990 1410 ἢ
1014 1336 1203 1411 μελαγχολᾶν.

225 1431 295 1491 Non
326 1430 524 1507 intellegens
545 1429 660 1504 πάντας
683 1433 730 1494 Bl.
757 1436 815 1494 aut
837 1440 944 1492 τοῦτον
966 1434 1235 1494 substituendum
1259 1438 1355 1509 putat
1378 1439 1437 1496 aut
1456 1437 1506 1497 de·

224 1533 375 1609 lendum,
406 1535 564 1609 rescripto
594 1537 777 1614 μελαγχολᾶν
804 1553 942 1598 <τινα>.
965 1535 1032 1610 Ego
1055 1551 1096 1596 ne
1121 1535 1323 1609 sicquidem
1347 1539 1507 1613 scriptum

224 1635 448 1712 proverbium,
473 1636 560 1710 quod
583 1651 648 1696 sec.
669 1635 910 1711 Diogenianum
930 1637 1098 1698 dicebatur
1116 1633 1164 1696 ee
1182 1645 1241 1696 τον
1261 1635 1333 1714 μήτε
1344 1641 1505 1697 λυπεῖσθαι

225 1735 297 1813 μήτε
319 1735 431 1816 χαίρειν
456 1734 648 1814 δυναμένων,
670 1737 836 1812 intellego·
862 1738 948 1799 Num
972 1738 1056 1799 forte
1079 1738 1159 1799 luit:

380 1835 400 1916 ἢ
423 1835 477 1918 χρὴ
501 1838 717 1922 τραγῳδεῖν
740 1837 854 1910 πάντας
879 1837 1040 1916 (θνητὸνῗ)
1064 1835 1084 1916 ἢ
1107 1842 1306 1918 μελαγχολᾶνς

224 1941 263 2000 ut
296 1939 500 2015 significetur
534 1941 706 2002 ridendum
749 1956 822 2002 esse
863 1941 902 2001 de
938 1942 1026 2001 vites
1060 1941 1227 2002 humanae
1262 1941 1406 2019 casibus,
1442 1943 1507 2004 nisi

224 2040 362 2102 dolendo
392 2042 427 2102 111
457 2041 721 2118 desperationem
746 2046 779 2103 at
802 2043 967 2103 insaniam
992 2041 1099 2102 delabi
1122 2043 1229 2103 velis?
1253 2076 1293 2086 -
1318 2044 1356 2103 ln
1380 2044 1508 2104 univer·

225 2157 301 2204 sum
336 2146 449 2205 autem
479 2144 566 2204 haud
597 2143 681 2204 satis
712 2145 848 2219 apparet
877 2144 1107 2221 huiuscemodi
1135 2143 1302 2220 populeris
1326 2144 1508 2220 sapientiae

226 2245 326 2321 letus,
351 2245 430 2307 licet
453 2245 570 2307 comici
592 2245 641 2306 uti
664 2246 831 2322 potuerint
858 2248 892 2306 et
913 2259 1030 2306 revers
1053 2245 1185 2321 saepius
1208 2245 1259 2305 usi
1275 2244 1356 2321 sint,
1382 2261 1506 2307 comoe-

226 2346 297 2408 diae
328 2347 472 2423 primam
502 2347 619 2408 debere
647 2348 811 2433 originem¹
832 2349 941 2423 potius
966 2363 1065 2422 quam
1089 2348 1195 2408 veteri
1217 2348 1308 2422 poesi
1331 2347 1505 2424 iambicae,

227 2448 318 2509 velut
351 2449 563 2524 proverbium
599 2453 673 2524 (quo
707 2450 948 2525 Aristophanes
984 2449 1088 2510 ut'tur
1118 2449 1152 2509 in
1183 2448 1291 2519 Pluto)
1321 2446 1413 2506 πάλαι
1442 2441 1505 2507 ποτ’

227 2539 304 2626 ἦσαν
327 2546 446 2628 ἄλκιμοι
470 2549 619 2627 Μιλήσιοι
642 2555 675 2612 et
698 2551 783 2625 quod
807 2567 885 2612 mox
910 2551 959 2622 (l'r.
984 2553 1061 2620 556)
1084 2549 1204 2624 legitur
1227 2546 1331 2608 nollet
1351 2547 1506 2629 στρατηγοὶ

230 2649 345 2727 Καρίαν
376 2648 533 2712 ἀπώλεσαν
565 2652 750 2713 Asiaticum
780 2653 891 2727 potius
922 2667 1021 2728 quam
1048 2651 1197 2713 Atticum
1221 2651 1347 2711 fontem
1371 2651 1506 2726 prodere

231 2751 392 2814 ridentur.

185 2852 235 2913 Fr.
260 2855 334 2914 558.
365 2853 479 2915 Nauck
510 2854 591 2914 citat
620 2854 827 2916 Boissonadii
854 2855 975 2916 Anscd.
1000 2853 1064 2915 vol.
1089 2853 1104 2914 Ι
1131 2869 1161 2928 p.
1189 2855 1245 2927 16;
1270 2853 1403 2928 Gregor.
1428 2853 1506 2914 Naz.

230 2954 577 3031 fflmffipww.

185 3055 236 3116 dr.
261 3057 336 3118 565.
461 3056 491 3115 τί
514 3055 563 3116 δεῖ
581 3061 722 3136 παρεῖναι
744 3055 940 3133 λήκυθον,
962 3053 1001 3134 ἢν
1025 3054 1107 3128 έτνος
1130 3064 1228 3138 παρῇς

228 3157 358 3218 Veteris
387 3159 577 3220 comoediae
605 3173 678 3220 esse
702 3159 811 3234 arguit
834 3159 941 3219 forma
963 3154 1011 3236 ἢν.
1031 3157 1189 3234 Quamvis
1212 3157 1274 3217 hoo
1295 3157 1506 3232 proverbium

230 3259 323 3334 (apud
355 3259 544 3331 Macarium)
577 3263 687 3322 careat
719 3259 951 3335 explicatione,
984 3259 1166 3334 speciosius
1197 3271 1295 3332 quam
1319 3260 1447 3335 verine,
1473 3260 1507 3318 ni

228 3360 332 3436 fallor,
356 3360 533 3422 lectionem
556 3359 694 3439 λήκυθον
717 3363 842 3423 tuearis
865 3363 945 3421 nota
968 3360 1138 3421 Strattidis
1161 3374 1277 3420 versus
1301 3360 1464 3436 Euripidei
1489 3377 1506 3421 e

229 3460 419 3521 Phoenissis
442 3462 507 3523 462
531 3462 682 3539 paradis:

494 3559 675 3642 παραινέσαι
698 3558 731 3622 δέ
753 3573 840 3645 σφῷν
863 3585 890 3622 τι
913 3563 1060 3640 βούλομαι
1084 3561 1193 3639 σοφόν·

495 3661 568 3723 ὅταν
591 3672 693 3742 φακῆν
716 3661 806 3742 ἕψητε
829 3661 869 3742 μὴ
888 3657 998 3742 ’πιχεῖν
1022 3663 1127 3742 μύρον.

230 3764 434 3826 Felicissime
474 3765 591 3826 Koclrii
633 3765 833 3841 coniectura,
877 3767 928 3826 cui
969 3765 1084 3826 lavent
1124 3766 1227 3826 etiam
1268 3765 1412 3840 numeri,
1456 3769 1507 3826 est

230 3862 403 3926 λέκιθον.

187 3966 237 4026 Fr.
261 3968 336 4028 573,
465 3966 498 4027 τὸ
520 3975 624 4046 γνῶμα
646 3975 723 4048 γοῦν
746 3965 938 4046 βέβληκεν
962 3965 1002 4040 ὡς
1026 3959 1092 4027 οὖσ’
1120 3964 1239 4039 ἑπτέτις.

230 4068 504 4129 Animadvertant
522 4069 648 4130 tirones
664 4071 704 4130 de
725 4070 928 4131 dentibus
948 4070 1162 4131 mutandis
1180 4083 1295 4143 graece
1315 4069 1507 4128 constanter

230 4170 379 4245 usurpari
410 4169 547 4231 verbum
578 4170 735 4248 simplex,
766 4173 801 4232 st
824 4171 994 4232 conterant
1018 4171 1182 4232 adiectiva
1205 4167 1314 4249 άβολος
1338 4171 1371 4229 et
1394 4189 1505 4247 πρωτο-

230 4268 317 4348 βόλος
340 4286 416 4332 cum
439 4271 539 4333 verbo
562 4272 770 4351 πρωτοβολεῖν.

187 4369 237 4430 Fr.
261 4373 335 4433 582.
360 4373 482 4434 Servus
505 4373 586 4434 haec
609 4373 716 4435 dicere
740 4373 879 4449 videtur,
905 4374 956 4434 cui
980 4372 1069 4434 erilis
1088 4371 1176 4432 lilius
1196 4371 1387 4432 adolescens
1414 4369 1506 4430 libcr-

211 4471 333 4534 'tatem
356 4475 558 4550 promiserit,
582 4476 611 4535 si
634 4476 705 4536 eius
725 4489 824 4550 opera
845 4475 983 4535 muliere
1004 4476 1129 4550 amata,
1152 4488 1250 4547 quam
1273 4475 1366 4547 petar
1386 4487 1506 4533 nurum

230 4573 348 4636 habere
372 4575 487 4652 nollet,
512 4575 597 4637 foret
620 4576 755 4650 potitus.

187 4674 335 4737 111584.
368 4683 419 4754 τῆς
449 4693 507 4752 pro
533 4685 587 4737 τοῦ
618 4679 707 4738 recta
738 4676 864 4737 scholia
887 4677 1103 4737 Genovensia.
1129 4675 1252 4750 Nicole,
1278 4675 1350 4736 coll.
1375 4674 1507 4735 Terent.

228 4777 327 4837 Andr.
360 4778 425 4838 913
453 4793 513 4852 so,
544 4776 756 4853 probabiliter
787 4794 804 4838 e
835 4777 1003 4838 Menandri
1035 4777 1159 4836 Andria
1190 4776 1251 4836 hoc
1281 4776 1508 4850 fragmentum

230 4881 377 4940 sumtum
402 4894 475 4939 esse
498 4880 697 4954 suspicatur.

187 4975 236 5038 Fr.
260 4979 334 5040 587.
359 4978 438 5041 (loll.
462 4979 601 5058 κοττάβια
626 4979 761 5054 Callipp.
783 4979 826 5039 IV
848 4982 910 5041 561
933 4981 984 5055 M,
1014 4984 1102 5041 recte
1126 4980 1173 5040 Bl.
1198 4988 1257 5038 τῶν
1288 4979 1508 5054 κοτταβίων

231 5073 302 5158 tty'
324 5080 388 5151 (vel
407 5078 474 5160 γὰρ)
493 5075 604 5160 ἡμέτερ’
639 5072 675 5158 ἦν
698 5078 733 5139 τὰ
756 5080 879 5140 πλείονα
903 5081 954 5151 (ο1.
979 5081 1095 5155 Kock),
1120 5080 1306 5156 praemium
1332 5081 1364 5139 in
1385 5080 1509 5140 cottabi
