3718 5788
806 516 867 576 151

169 697 221 760 Fr.
248 699 302 774 46,
328 701 358 760 2.
383 698 432 759 καὶ
456 703 638 780 φυσώμενον
662 704 711 766 Bl.
727 738 766 750 -
780 703 837 764 Vs,
852 705 882 764 3.
903 701 990 764 τωνδί
1008 723 1037 763 τε
1057 706 1234 766 etmecum
1250 707 1499 783 Ἀσε<ερ>ίωνος

216 799 265 860 Bi.
290 803 324 861 et
347 801 507 864 inutiliter
530 801 676 884 Ἀστερίου
701 825 738 864 τε.
767 806 842 881 Ipse
866 819 994 879 quoque
1019 805 1193 880 (ligantem
1218 806 1268 877 (cf.
1293 806 1394 878 Koch)
1414 807 1500 868 vole-

215 899 307 974 bam,
332 917 430 976 quem
453 919 519 966 non
543 905 752 968 distinxerim
777 907 819 968 ab
843 921 882 967 eo
905 906 960 981 qui
984 921 1004 966 a
1023 907 1186 968 Pausania
1207 912 1499 985 commemoratur,

215 995 311 1064 cuius
345 1005 528 1080 perpendas
558 1007 660 1068 velim
693 1007 813 1068 ultima
844 1006 946 1068 verba
970 1005 1028 1085 ἔχει
1056 1002 1083 1066 ‹l'
1112 999 1167 1068 οὖν
1191 1004 1207 1068 1
1232 1008 1335 1088 νεκρὸς
1359 1006 1450 1069 οὐδέν
1473 1031 1499 1069 τι

216 1107 303 1178 μεῖον
326 1113 430 1183 πηχῶν
454 1102 534 1165 δέκα.

171 1203 224 1263 Fr.
249 1206 303 1266 47.
328 1205 376 1266 Bl.
401 1211 533 1284 propter
556 1209 721 1271 Athenaei
743 1209 844 1272 verba
867 1209 963 1270 malit
986 1217 1084 1282 κακῶς
1107 1207 1207 1290 λέγεις.

172 1304 226 1363 Fr.
250 1307 304 1382 52,
330 1308 360 1368 2.
385 1304 476 1388 έγωγε
498 1307 549 1369 καὶ
572 1310 703 1390 ξύσερων
725 1332 759 1390 γε
781 1311 830 1372 Bl.

172 1405 225 1466 Pr.
250 1408 304 1484 54,
330 1409 359 1468 2.
395 1403 418 1489 y’
452 1407 544 1490 ἄκρας
575 1413 647 1474 sine
682 1428 785 1474 causa
817 1413 920 1486 idem;
956 1409 1047 1492 ἄκρος
1081 1413 1257 1488 HeadIam;
1288 1413 1358 1476 fleri
1392 1417 1501 1489 potest

219 1510 256 1568 ut
279 1513 378 1572 recte.

173 1610 226 1672 Fr.
251 1613 304 1688 55,
333 1615 360 1673 1.
392 1612 467 1693 πρὸς
491 1611 678 1688 tritoitae
702 1619 827 1678 temere
851 1617 915 1694 Bi,
940 1617 1060 1678 meiius
1083 1632 1267 1693 proponens
1290 1611 1403 1695 προσέτ’
1429 1613 1500 1694 ἔχεις

219 1721 292 1788 νῦν,
321 1729 385 1788 quo
417 1720 531 1792 aptum
564 1716 702 1778 verbum
734 1717 910 1779 lucramur.
944 1717 1005 1778 Sed
1029 1719 1103 1792 quis
1125 1719 1232 1794 novit,
1257 1717 1334 1792 quid
1357 1719 1500 1778 anteces-

220 1815 325 1875 serit?
338 1849 378 1860 -
403 1816 460 1879 Vs.
473 1819 504 1879 8.
529 1813 589 1878 ἀλλ’
615 1816 742 1898 ἀτεχνῶς
761 1819 848 1881 idem
876 1819 1054 1880 violentius
1081 1835 1182 1893 quam
1201 1820 1293 1882 Koolr
1311 1813 1370 1878 ἀλλ’
1391 1816 1503 1896 ἀκαρῆ,

220 1915 292 1976 coll.
326 1916 474 1979 Alexidis
497 1920 536 1980 fr.
564 1923 626 1980 144
658 1919 806 1993 στοουθὸς
830 1918 958 2000 ἀκαρής,
987 1920 1055 1997 ubi,
1080 1921 1110 1981 si
1133 1923 1222 1982 recte
1245 1921 1419 1995 traditum,
1451 1921 1502 1980 est

221 2018 435 2096 adiectivum‚
468 2028 504 2082 ut
535 2021 702 2083 Menandr.
727 2022 771 2082 IV
796 2023 971 2093 2841226)
1000 2024 1033 2082 et
1057 2037 1153 2084 anon.
1178 2023 1223 2082 IV
1246 2023 1311 2083 600
1335 2024 1387 2093 (3).
1412 2021 1503 2082 Licet

220 2119 413 2182 adverbium
438 2118 533 2201 ἀκαρῆ
554 2125 669 2185 eodem
689 2139 788 2186 sensu
809 2139 1003 2200 praegressa
1021 2124 1196 2198 negatione
1213 2124 1319 2185 soleat
1337 2123 1501 2198 usurpari,

221 2219 352 2283 difficile
383 2224 436 2284 est
465 2223 533 2285 iilis
561 2241 690 2300 quoque
720 2227 802 2287 locis
832 2226 1000 2287 abstinere
1030 2227 1262 2300 acorrigendo
1286 2223 1397 2302 ἀκαρῆ,
1419 2224 1503 2298 quod

220 2323 293 2383 sine
323 2325 498 2398 negatione
521 2326 642 2402 legitur
664 2328 749 2403 apud
773 2327 986 2388 Xenarchum
1010 2327 1141 2390 111621
1167 2329 1208 2403 (1,
1244 2329 1305 2397 15),
1328 2360 1364 2369 -
1388 2326 1443 2386 Vs.
1471 2327 1502 2384 4.

222 2422 357 2501 βαδίζειν
391 2420 480 2488 <o'>
514 2428 562 2489 Bl.
603 2429 636 2489 Si
671 2429 863 2503 pronomine
898 2444 994 2504 opus,
1029 2429 1135 2490 multo
1170 2429 1299 2490 facilius
1332 2426 1503 2502 scripseris

222 2521 335 2604 ἀγορᾶς
362 2521 453 2591 <σ’>
479 2523 585 2608 ὀρθὸν.

179 2627 230 2688 Fr.
256 2628 309 2688 57.
334 2628 407 2691 Vid.
432 2645 533 2706 supra
556 2633 596 2693 ad
620 2630 792 2708 Theophili
814 2632 854 2692 fr.
880 2633 910 2692 9.

180 2729 230 2789 Fr.
257 2729 309 2806 58,
336 2731 366 2790 2.
405 2731 444 2792 In
474 2729 512 2810 νὴ
545 2734 604 2792 Δία
635 2733 747 2794 iuncto
779 2748 855 2794 curn
886 2733 1083 2808 imperativo
1111 2731 1247 2793 offendit
1269 2731 1332 2805 Bl.,
1358 2730 1505 2804 soletque

223 2845 304 2892 eane
322 2831 531 2907 imperativis
554 2835 628 2895 addi
651 2835 796 2895 formula
817 2834 892 2913 πρὸς
916 2834 988 2905 Διός
1012 2834 1213 2908 similesque.
1234 2833 1402 2894 Traditum
1425 2833 1457 2893 in
1477 2833 1505 2892 A
1547 2895 1551 2904 ,

225 2953 263 3008 νη
287 2931 341 2992 dre
364 2933 469 3005 παῖδες
491 2935 633 2998 fortasse
656 2937 744 2997 aliud
769 2936 863 2998 celat.
888 2936 983 2996 Lusi:

940 3034 1040 3115 ἔγχεον
1064 3035 1101 3096 σὺ
1125 3034 1163 3112 δὴ

471 3137 670 3218 εὐζωρότερον
691 3134 765 3216 ἡμῖν
787 3143 881 3216 πιεῖν,
904 3130 927 3198 ὦ
950 3141 1020 3197 παῖ·
1043 3135 1076 3197 τὸ
1099 3135 1154 3218 γὰρ
1178 3134 1234 3197 κτέ.

182 3237 232 3297 Fr.
258 3238 310 3313 ol,
337 3241 367 3299 e.
391 3237 483 3318 χαίρω
513 3261 542 3299 τε
572 3237 622 3300 καὶ
644 3236 762 3320 γέγηθα
792 3241 931 3318 Dobree,
962 3239 1121 3316 probante
1144 3238 1300 3299 Nauckio.
1325 3270 1368 3280 -
1392 3237 1447 3298 Va.
1473 3238 1503 3298 9.

225 3335 342 3418 τουτογὶ
367 3341 401 3400 et
424 3340 490 3401 alia
512 3343 638 3403 temere
662 3342 710 3404 Bl.

184 3441 234 3501 Fr.
258 3443 311 3518 62,
338 3443 368 3504 2.
393 3441 438 3503 ὅτι
459 3441 538 3503 ἔστιν
562 3447 651 3505 recte
675 3444 852 3526 Haedum,
876 3444 949 3505 coll.
973 3445 1029 3504 Ar.
1054 3443 1110 3517 Eq.
1132 3443 1213 3514 797;
1239 3442 1300 3502 Av.
1326 3442 1401 3501 974.

271 3541 510 3601 ΠΕΛΙΑΔΕΣ.
543 3542 657 3603 Simile
684 3545 918 3617 argumentum
948 3544 1111 3602 tractasse
1135 3539 1264 3600 videtur
1288 3538 1506 3614 Antiphanes,

229 3641 321 3703 cuius
346 3657 395 3717 cp.
419 3643 459 3705 ir.
486 3645 539 3704 24.
1544 3718 1547 3725 Ι

184 3741 233 3804 Fr.
258 3745 311 3821 64,
337 3746 368 3805 5.
393 3745 441 3806 Bi.
466 3745 613 3824 δυσώδης.
646 3746 678 3804 Β.
702 3737 790 3818 οὗτος
814 3734 871 3805 οὖν
894 3753 957 3816 πῶς
981 3741 1110 3816 &rdiam
1138 3744 1172 3803 et
1196 3740 1270 3802 alia.
1297 3741 1402 3803 Locus
1424 3739 1508 3800 mihi

228 3846 446 3922 perobscurus
470 3851 531 3910 est.

187 3947 235 4006 rr.
259 3949 312 4024 65,
339 3950 369 4010 2.
607 3943 741 4022 έκόκκυξ
768 3946 875 4028 ἀρτίως
898 3945 1077 4027 ἀλεκτρυών.

229 4048 426 4112 lieinekium
446 4053 480 4112 et
498 4051 660 4112 Koclrium
680 4066 756 4113 cum
777 4051 915 4112 articulo
934 4049 1117 4111 scribentes
1136 4043 1302 4126 ἀλεκτρυών
1315 4060 1379 4106 non
1391 4059 1510 4118 sequar

230 4165 358 4212 memor
380 4150 443 4213 ioci
468 4154 523 4214 Ar.
547 4152 630 4214 Nub.
653 4155 692 4213 4:

498 4251 548 4314 καέ
572 4252 632 4333 μὴν
655 4252 748 4313 πάλαι
770 4247 792 4332 γ’
820 4249 1015 4330 ἀλεκτρυόνος
1038 4243 1143 4329 ἥκουσ’
1171 4245 1228 4327 ἐγώ

232 4353 284 4413 ubi
306 4355 336 4414 si
374 4355 447 4430 quis
481 4357 641 4418 scriberet
673 4353 899 4434 taliamentum,
940 4353 1027 4414 male
1061 4351 1266 4412 oblitteraret
1301 4347 1510 4423 aptissimam

232 4455 437 4529 particulam.
461 4457 502 4519 ut
525 4458 637 4532 quidni
660 4459 749 4518 recte
772 4457 899 4518 dicatur
918 4451 1097 4532 ἀλεκτρυών,
1115 4453 1185 4514 scil.
1205 4467 1290 4514 unus
1310 4451 1348 4512 de
1372 4450 1511 4511 multis?

190 4555 240 4616 lir.
264 4559 317 4635 69,
346 4559 396 4620 12.
866 4553 904 4616 ἂν
928 4551 956 4616 δ’
982 4553 1076 4617 αὐτὸν
1100 4552 1153 4636 δέῃ

498 4655 613 4739 κέρματ’
638 4656 810 4720 ἀποδοῦναι
833 4654 1065 4737 προσαπέδωκεν
1089 4654 1200 4715 Ἀττικά

233 4759 284 4824 τότ’
318 4760 472 4825 ἀπέδωκεν
503 4763 633 4840 Keibel‚
669 4763 829 4839 probante
859 4762 907 4823 Bi.
938 4761 1013 4837 Ipse
1044 4759 1198 4834 proposui
1229 4753 1402 4816 ἀποδοῦναί
1430 4748 1514 4830 ποκ’,

234 4864 388 4927 ἀπέδωκεν
412 4863 468 4926 art.

194 4969 241 5028 Fr.
266 4970 317 5046 72,
346 4972 373 5031 1.
397 4969 574 5046 Perperam
597 4967 756 5029 sollicitat
779 4965 828 5026 Bi.

195 5070 243 5130 Fr.
267 5073 318 5149 73,
346 5073 374 5132 1.
399 5067 459 5130 ἀπὸ
483 5087 541 5146 pro
565 5067 612 5130 ἐπὶ
636 5069 685 5130 Bl.
709 5070 815 5144 recte,
840 5069 877 5130 ut
899 5067 1039 5127 videtur.
