3778 5796
1000 451 1039 510 16

394 639 502 722 γμένος
527 639 689 717 postulat,
721 655 763 700 ex
793 637 913 714 quibus
943 637 1027 699 coni.
1051 637 1140 714 prior
1160 640 1274 698 tamen
1302 639 1411 714 specie
1434 653 1500 698 non
1521 640 1611 698 earet
1634 637 1675 698 ob

396 743 543 805 similem
562 741 679 803 Eubuli
697 741 745 800 111
768 740 831 802 247
852 741 962 801 locum
983 737 1111 818 χόνδρον
1123 738 1203 822 αύτῷ
1223 738 1339 800 δεύσετε
1358 737 1364 816 Ι
1384 737 1505 818 pettam
1524 738 1673 818 χηνός.-

397 846 453 906 Vs.
478 845 520 905 20
543 844 579 904 Β.
604 835 661 919 οἴμ’
683 838 723 913 ὡς
750 839 870 913 ἀπολεῖς
885 833 911 918 μ’
943 837 1078 900 ἐνταῦθα
1109 833 1289 920 διατρίβονθ
1313 838 1353 900 ἔτι
1374 838 1380 920 Ι
1400 839 1498 915 σορὸν
1521 839 1676 918 κολυμβᾶν

396 943 443 1016 ὡς
467 938 551 1024 ἔχετ’
577 942 619 1016 εἰς
642 941 694 1003 τὸν
721 941 883 1021 Τάρταρον.
906 941 1019 1016 Neque
1042 938 1082 1013 ὡς
1101 935 1167 1020 ἔχετ’
1190 941 1470 1016 intellegensque
1490 941 1676 1015 quodconi.

396 1047 445 1108 Bl.
470 1042 517 1118 ὡς
540 1043 641 1124 ἔχεις
663 1043 705 1118 εἰς
730 1047 776 1121 Τ,
797 1043 883 1118 quod
906 1042 994 1104 mals
1015 1043 1166 1118 congruit
1186 1059 1262 1105 cum
1282 1043 1391 1118 prima
1410 1058 1565 1118 persona;
1583 1042 1676 1102 iutel-

396 1149 539 1222 legerem
562 1145 695 1221 quidem
719 1145 805 1219 quod
827 1146 999 1220 praeterea
1027 1145 1167 1205 coniecit
1194 1141 1234 1216 ὡς
1257 1139 1362 1223 τάχιστ’
1389 1143 1431 1216 εὶς
1457 1147 1506 1220 2.,
1530 1145 1588 1205 sed
1612 1143 1677 1204 vio-

396 1248 515 1310 lentior
538 1250 590 1308 est
611 1246 767 1307 mutatio.
791 1245 909 1321 Quidni
933 1245 1039 1306 multo
1063 1245 1171 1306 lenius

621 1345 719 1425 παρὸν
741 1346 897 1425 κολυμβᾶν
920 1343 966 1418 ὥς
989 1343 1058 1425 ἔχω
1078 1340 1106 1418 ’ς
1128 1344 1181 1407 τὸν
1207 1344 1383 1424 Τάρταρονῗ

397 1453 452 1514 Vs.
478 1453 530 1514 25.
560 1446 731 1530 ιιεχυμένσις
754 1450 844 1509 recte
867 1447 973 1509 Koclr:
997 1461 1044 1509 sc.
1068 1447 1218 1508 convivis
1241 1449 1286 1518 (in
1310 1448 1359 1509 ed.
1384 1447 1472 1507 male
1495 1445 1677 1526 κεχυμένας).

397 1554 453 1614 VS.
477 1555 519 1614 26
547 1552 718 1627 ingeniose
747 1550 796 1612 Bi.
828 1546 969 1627 ἐκρέματο
999 1543 1074 1608 κάλ’
1108 1547 1181 1609 ἀπὸ
1212 1558 1270 1609 τῶν
1299 1548 1449 1608 κλειδῶν
1472 1548 1547 1608 ἰδεῖν
1569 1548 1676 1610 multo

397 1659 431 1716 et
448 1653 570 1715 melius
588 1657 622 1713 et
639 1651 843 1713 modulatius
864 1665 965 1725 quam
990 1650 1093 1712 Koclr.
1108 1685 1147 1694 -
1169 1650 1226 1712 Vs.
1251 1652 1293 1712 23
1324 1653 1453 1726 requiro
1481 1645 1678 1729 ἡβυλλιῶσαι,

396 1754 431 1815 τὰ
461 1754 537 1834 ῥόδα
563 1750 893 1830 ςιατα>ιιειιαρμέναι,
922 1768 1001 1814 nam
1034 1753 1111 1814 ferri
1142 1753 1257 1826 nequit
1283 1755 1368 1828 quod
1392 1752 1485 1814 Koclr
1507 1752 1677 1827 rescripsit

397 1854 433 1916 τὰ
451 1854 527 1935 ῥόδα
543 1852 652 1918 <aab
667 1875 726 1914 κεν.
739 1871 798 1931 pl'o
816 1851 867 1913 nul
878 1851 914 1912 τὰ
929 1852 1005 1932 ῥόδα
1016 1875 1043 1912 σι.
1058 1885 1097 1897 -
1112 1853 1221 1914 171132
1241 1868 1299 1928 pro
1322 1852 1385 1913 nol
1409 1853 1518 1914 τῶνδ’
1546 1853 1676 1928 requiro

398 1957 545 2018 τούτων
570 1950 613 2034 δ’,
633 1972 712 2017 nam
737 1954 787 2016 ύδε
810 1957 844 2016 in
868 1956 1038 2016 comoedia
1060 1969 1126 2017 non
1147 1956 1290 2016 refertur
1313 1956 1354 2016 ad
1378 1955 1617 2017 antecedentia.
1638 1954 1677 2014 In

397 2059 512 2120 eodem
542 2058 682 2118 haerens
712 2057 762 2118 Β1.
792 2058 906 2118 minue
929 2061 1018 2118 recte
1042 2057 1184 2117 coniecit
1210 2053 1260 2115 ταὶ
1284 2051 1403 2127 ταῦθ’,
1425 2058 1511 2117 unde
1530 2057 1680 2117 nascitur

396 2174 499 2235 prava
517 2159 698 2234 sententia,
717 2159 795 2233 quia
818 2172 987 2219 comesa
1009 2161 1043 2218 et
1066 2160 1192 2234 epota
1215 2159 1346 2233 quidem
1367 2157 1526 2233 duplicari
1538 2157 1678 2219 absurde

393 2261 556 2336 dicuntur,
589 2275 629 2321 ea
659 2275 736 2321 vero
760 2275 901 2334 quorum
925 2274 1001 2334 pars
1024 2258 1180 2320 absumta
1201 2264 1266 2335 eet,
1292 2275 1369 2321 cum
1393 2259 1552 2320 miraculo
1574 2259 1676 2334 dupli·

399 2363 466 2423 cari
488 2363 553 2423 diei
573 2366 724 2437 possunt.

355 2465 406 2525 Fr.
434 2466 507 2541 103,
534 2466 550 2525 1
575 2461 763 2540 ἀσφοδέλσος
785 2477 843 2538 pro
866 2459 1063 2533 ἀσπαλάθους
1087 2478 1152 2523 non
1176 2462 1264 2524 male
1287 2463 1354 2538 Bt,
1384 2461 1558 2522 infeliciter
1581 2476 1630 2521 vs.
1655 2462 1676 2521 2

399 2563 496 2626 ἄνθεα
520 2568 655 2627 tentans
677 2580 735 2640 pro
758 2563 919 2641 1(ε)1μαιια,
943 2563 1028 2638 quod
1051 2578 1171 2624 sanum
1195 2564 1334 2625 videtur.

353 2668 405 2729 Fr.
430 2669 502 2744 113,
529 2669 559 2728 3.
583 2666 695 2728 Placet
718 2666 885 2741 Blaydesii
909 2665 992 2726 coni.
1017 2663 1092 2723 ιιούιι
1111 2663 1191 2723 ἔστιν
1210 2664 1298 2744 ἰχθύς
1318 2662 1426 2736 erres
1446 2657 1518 2723 ούδὲ
1538 2655 1675 2739 εῐςβύσξ.

351 2769 402 2830 Fr.
430 2770 502 2830 120.
528 2769 669 2829 Dubium
693 2772 805 2828 utrum
828 2769 917 2828 recte
942 2765 1085 2841 explicet
1108 2765 1215 2842 Kock,
1242 2781 1283 2828 an
1307 2766 1489 2826 credendus
1508 2766 1601 2826 sitis
1620 2767 1676 2840 qui

397 2872 541 2946 loquitur
569 2870 803 2931 Deucalionem
835 2867 1007 2928 obsecrare
1037 2881 1079 2927 ne
1110 2882 1268 2941 umquam
1300 2867 1438 2942 posthac
1467 2867 1591 2943 piscem
1614 2867 1676 2926 sibi

395 2976 552 3048 apponat,
577 2971 662 3046 quod
686 2970 844 3032 dirissimi
868 2968 983 3029 diluvii
1007 2969 1170 3029 memoria
1192 2969 1308 3030 vexari
1332 2967 1425 3029 nolit.

352 3075 403 3136 Fr.
432 3075 504 3150 121,
533 3077 561 3135 1.
597 3073 779 3160 Verborum
809 3067 867 3148 ἄρα
897 3063 968 3129 ποθ’
1002 3067 1086 3140 ύμεῑς
1117 3085 1254 3146 prorsus
1277 3071 1404 3131 incerta
1426 3070 1601 3145 correctio,
1625 3069 1674 3130 Bl.

397 3177 549 3252 proponit
577 3167 636 3251 ἇρύ
665 3168 734 3233 ποθ’
762 3164 845 3232 οὗτοι
867 3168 997 3230 sot...
1021 3171 1212 3247 improbans
1235 3171 1351 3232 Kockii
1375 3172 1458 3232 coni.
1482 3187 1532 3231 ve.
1558 3172 1577 3231 2
1602 3169 1675 3232 ἀπὸ

396 3287 448 3355 τῆς
472 3274 587 3355 ὀροφῆς
610 3279 644 3337 ο1
666 3290 792 3351 ponens
815 3275 947 3349 signum
971 3274 1195 3349 interrogandi
1218 3277 1293 3349 post
1316 3274 1551 3354 λαγαριζόμενσι.

352 3381 405 3441 Fr.
432 3381 504 3441 123.
540 3378 653 3439 Nauck
688 3379 803 3438 monet
835 3377 868 3436 in
903 3376 1020 3436 Milleri
1049 3376 1099 3436 Et.
1125 3391 1181 3436 m:
1199 3377 1266 3451 legi
1304 3373 1479 3447 Εύιτολις
1515 3373 1674 3435 Πόλεσι·

397 3489 545 3561 παρῆμεν,
579 3474 636 3540 ἀλλ’
674 3477 731 3540 οὐκ
760 3469 843 3556 ἧσθ’
877 3473 923 3536 ἂν
952 3475 996 3537 οὐ
1027 3475 1161 3555 παρόντα
1191 3498 1241 3554 με,
1271 3478 1328 3538 ubi
1351 3478 1417 3538 iam
1443 3476 1479 3537 (i.
1504 3475 1676 3538 Wolfflum

398 3583 594 3645 emendasse
617 3580 808 3665 ᾐσθάνοσ.

352 3684 404 3746 rr.
432 3687 504 3761 130,
529 3685 560 3745 2.
591 3691 645 3744 τσῦ
675 3680 790 3761 σατύρου
817 3696 875 3757 pro
899 3676 1063 3758 σπέρματος
1086 3679 1134 3741 Bl.
1159 3679 1422 3754 improbabiliter
1445 3681 1578 3755 propter
1600 3682 1675 3740 arti-

395 3787 521 3863 culum,
546 3799 606 3846 nec
628 3784 769 3846 fortasse
793 3781 1003 3843 sollicitanda
1024 3782 1148 3842 tradita
1169 3781 1278 3842 lectio.
1298 3781 1355 3841 Vs.
1377 3783 1396 3842 5
1416 3779 1574 3859 ῥεύσονται
1593 3781 1677 3842 bene

394 3892 509 3949 eontra
539 3903 593 3948 me
623 3888 738 3950 tuetur
768 3883 872 3957 Kock,
904 3883 961 3943 sed
984 3883 1069 3955 quod
1093 3884 1248 3958 proposui
1271 3880 1450 3958 παρέσονται
1472 3897 1537 3944 οοο
1568 3883 1678 3958 magis

399 3988 651 4065 „incredibiliter
671 3985 828 4060 languet’
851 3999 950 4059 quam
971 3991 1111 4062 παρῆσαν
1130 3983 1282 4044 Teleclid.
1304 3984 1318 4043 Ι
1341 3984 1371 4044 9.
1395 4016 1432 4026 -
1452 3983 1508 4045 Vs.
1535 3985 1552 4044 7
1577 3985 1678 4060 ζωμοῦ

397 4107 455 4167 pro
477 4090 615 4170 βοτρύων
638 4088 815 4149 manifeste
837 4087 989 4161 corrupto
1013 4085 1061 4147 Bl.
1081 4101 1147 4146 non
1166 4086 1270 4155 male,
1296 4100 1495 4161 quamquam
1516 4085 1678 4146 leniorem

398 4191 534 4253 mallem
557 4191 733 4252 medelam.

354 4295 405 4354 Fr.
434 4295 506 4368 131,
532 4295 561 4354 5.
585 4286 684 4351 παιᾶν’
711 4305 769 4366 pro
792 4282 897 4348 τοιού
924 4290 1136 4362 exspectatur
1160 4303 1234 4349 cum
1260 4287 1308 4349 Β1.

354 4395 404 4455 Fr.
432 4395 505 4470 132,
532 4396 561 4455 2.
586 4395 656 4455 Νοο
674 4392 824 4468 praestat
842 4388 997 4464 vulgatae
1015 4387 1147 4450 lectioni
1166 4387 1414 4468 σεριιιλάττσμεν,
1431 4389 1517 4462 quod
1529 4390 1612 4450 coni.
1625 4389 1677 4451 Bl.

354 4496 405 4557 rr.
432 4497 504 4573 134,
533 4499 560 4556 1.
592 4497 626 4556 Si
657 4493 832 4569 respicitur
861 4490 1070 4566 proverbium
1102 4490 1153 4558 (cf.
1178 4490 1295 4566 Koclr),
1319 4489 1510 4566 legendum,
1534 4493 1573 4551 ut
1594 4490 1677 4552 olim

397 4598 566 4674 proposui,
602 4591 651 4672 ὄψ’
684 4586 790 4674 ἦλθες,
821 4583 917 4663 οὗτος.
943 4625 983 4636 -
1007 4591 1063 4652 Vs.
1085 4593 1114 4653 2.
1141 4593 1202 4652 Pro
1230 4587 1341 4650 τι1ατέα
1372 4591 1420 4652 Bl.
1453 4588 1547 4669 ταχέα
1578 4592 1678 4653 malit

388 4691 530 4775 ‘propter
551 4697 657 4769 λεπτάς
680 4712 729 4756 ve.
755 4698 773 4756 5
798 4693 894 4768 (quod
917 4693 1028 4768 ipsum
1048 4693 1202 4768 laborat),
1222 4693 1280 4753 sed
1300 4708 1374 4754 cum
1394 4693 1517 4753 tradita
1533 4693 1678 4755 lectione

398 4799 518 4861 melius
538 4800 727 4875 conspirant
745 4798 817 4872 ipsa
830 4794 930 4855 verba
948 4795 1131 4868 sequeutia.
1147 4828 1185 4838 -
1199 4794 1255 4856 Vs.
1270 4797 1300 4856 5.
1314 4796 1474 4869 Suspecta
1484 4797 1563 4855 suut
1576 4795 1677 4856 verba

397 4901 516 4979 λεττύς,
535 4898 640 4979 μέσας,
657 4901 729 4960 sive
746 4898 830 4958 latet
849 4896 1060 4973 μεσομφάλους
1081 4895 1165 4966 (coll.
1178 4895 1379 4972 Theopompi
1391 4896 1430 4956 ir.
1444 4897 1489 4969 31,
1503 4897 1575 4956 eive
1586 4891 1677 4954 ἑστα-

396 5002 540 5077 ιοτύλσνς
559 5004 705 5078 aliudve,
725 5014 804 5060 nam
823 5011 925 5057 unum
950 4997 1055 5057 latere
1080 4997 1210 5058 videtur
1233 4997 1441 5058 vocabulum.
1462 4996 1508 5058 cf.
1521 4997 1677 5072 Hippocr.
