3748 5792
999 529 1042 592 68

359 717 411 778 Fr.
436 718 488 777 69.
514 714 575 777 ult.
600 715 648 776 Bl.
681 715 720 776 de
755 714 926 790 proverbio
961 715 1084 777 Cratini
1114 715 1153 775 fr.
1181 715 1231 775 16.
1263 713 1383 788 rengis
1413 712 1515 773 etiam
1545 710 1685 772 Plautus

405 819 436 889 (i.
461 835 489 880 e.
513 818 697 888 Philemon)
721 818 853 880 hiemat.
878 819 984 880 309R

494 922 627 982 Senex
650 934 769 994 quom
794 920 1006 996 extemplo
1030 921 1113 980 iam
1137 933 1212 979 nec
1235 917 1374 978 sentit
1395 932 1470 978 uec
1493 916 1625 992 sapit,

492 1022 624 1082 Aiunt
646 1021 787 1082 solere
811 1037 902 1083 eum
927 1037 1069 1082 rusum
1094 1034 1410 1096 repuerascere.

359 1125 410 1185 Fr.
436 1125 487 1185 70.
513 1121 569 1183 οὐκ
593 1119 714 1202 ἐκφορά.
738 1121 785 1184 dl.
809 1137 893 1197 quae
916 1124 1033 1198 scripsi
1056 1124 1090 1182 in
1113 1123 1220 1184 lexico
1243 1135 1318 1182 meo
1341 1119 1543 1196 suppletorio
1566 1120 1600 1178 et
1618 1117 1684 1178 dia·

403 1223 518 1285 lectica
541 1238 567 1284 s.
581 1239 613 1284 v.
638 1219 780 1300 ἀποφορά
807 1226 841 1284 et
863 1223 897 1283 in
921 1223 1118 1300 Appendice.

360 1326 412 1387 Fr.
436 1325 489 1386 73.
513 1325 561 1386 Bl.
590 1319 636 1386 <ti
660 1322 716 1404 γὰρ
741 1324 794 1386 vel
817 1320 833 1385 ὃ
858 1318 920 1387 δ’>
948 1324 1170 1403 αἱμασιολογεῐν
1194 1319 1251 1382 uti.
1283 1322 1399 1398 Quidni
1427 1315 1568 1383 <olibi
1591 1318 1686 1379 Talia

405 1427 537 1488 restitui
559 1428 735 1500 nequeunt.

360 1529 412 1588 Fr.
437 1530 489 1589 io.
513 1529 562 1590 Bl.
586 1525 733 1587 λεσπότοο
756 1523 950 1587 πενέσται.
979 1529 1175 1602 Suspectum
1208 1529 1261 1588 est
1282 1522 1373 1604 ῥυσὰ,
1394 1525 1451 1586 sed
1474 1539 1592 1600 parum
1615 1538 1685 1598 pro·

405 1628 527 1689 habilia
549 1644 632 1703 quae
657 1629 797 1690 coniecit
819 1627 908 1689 πιστὰ
932 1632 965 1690 et
989 1629 1083 1690 δόλια.

361 1730 413 1789 ar.
439 1730 491 1790 78.
516 1729 597 1790 Poll.
621 1730 652 1789 Π
674 1730 715 1790 18
738 1725 788 1788 καὶ
807 1733 910 1808 γραῖα,
929 1727 979 1789 aci
995 1726 1035 1801 ὡς
1057 1728 1236 1806 Θεόπομπος
1256 1724 1433 1805 ὅπωμικός,
1454 1726 1687 1806 πρεσβῦτις,

404 1829 607 1906 φίλοινος,
629 1831 801 1908 μεθύση,
822 1831 1057 1911 οἰνοκάχλη,
1082 1831 1237 1911 κοχώνη
1260 1819 1434 1908 (οἰνομᾶχλη
1457 1827 1591 1908 sopimur]
1611 1829 1659 1898 A).

449 1931 563 1993 Deleto
587 1935 624 1994 ut
646 1931 847 2008 glossemate
871 1932 1006 2008 φίλοινος
1030 1949 1105 1994 cum
1129 1933 1267 2009 Kochio,
1291 1933 1417 2008 possis:

593 2035 753 2114 πρεσβῦτις
778 2032 842 2112 (ἥδε
867 2035 917 2096 val
942 2032 1017 2107 ἐστί)
1041 2032 1191 2112 μέθυσος,
1216 2033 1378 2112 οἰνομάχλη
1401 2019 1463 2095 υζ

596 2121 657 2196 UL
680 2135 798 2214 κορώνη
812 2137 848 2206 (ῗ)

405 2235 524 2296 Ultimi
546 2234 694 2296 vocabuli
713 2237 825 2311 procul
856 2236 954 2298 dubio
978 2237 1121 2312 corrupti
1145 2238 1273 2298 incerta
1292 2238 1422 2312 quidem
1443 2238 1496 2296 est
1515 2235 1688 2315 correctio,

406 2337 553 2398 maxime
576 2338 689 2399 tamen
721 2339 803 2399 mihi
834 2338 1042 2400 abblanditur
1071 2340 1196 2400 Kuhnii
1220 2339 1304 2400 coni.
1326 2339 1423 2417 χώνη,
1451 2352 1535 2412 quae
1558 2336 1588 2396 si
1611 2351 1689 2397 vera

404 2441 469 2515 est,
503 2437 543 2499 ab
573 2439 635 2500 hoc
666 2440 786 2517 incepit
816 2441 903 2503 alter
932 2441 1133 2515 versiculus;
1158 2441 1247 2518 prior
1269 2439 1357 2502 finiri
1379 2441 1488 2515 potuit
1512 2455 1542 2498 v.
1556 2453 1583 2499 c.
1608 2452 1687 2498 voce

406 2539 512 2618 κάδος,
536 2540 581 2612 si,
606 2546 643 2602 ut
667 2543 762 2604 hodie
789 2542 950 2620 solemus,
984 2558 1058 2603 vas
1093 2543 1304 2603 vinarium
1328 2541 1490 2603 eiusmodi
1513 2539 1687 2600 mulierem

408 2643 538 2703 vocavit
569 2646 680 2720 poeta,
713 2645 994 2718 quomadmodum
1024 2642 1115 2717 ἀσκός
1140 2645 1312 2720 usurpavit
1343 2643 1548 2717 Antiphanes
1570 2642 1610 2702 ir.
1637 2642 1687 2700 19.

407 2744 542 2804 scatent
561 2747 673 2806 autem
694 2746 810 2806 comici
830 2746 945 2808 Graeci
964 2749 997 2808 et
1017 2747 1125 2807 Latini
1140 2747 1221 2808 locis
1233 2746 1272 2806 de
1286 2746 1476 2821 mulierum,
1502 2743 1690 2804 vetularum

407 2845 583 2920 imprimis,
609 2846 819 2924 temulentia,
845 2848 929 2923 quod
947 2849 1067 2910 vitium
1087 2849 1282 2925 procedente
1302 2849 1413 2908 aetate
1436 2847 1574 2922 gliscere
1593 2842 1688 2905 solet.

363 2949 413 3008 lh.
439 2948 491 3007 80.
516 2949 761 3009 inconsiderate
781 2950 828 3009 Bl.
849 2951 984 3025 opponit
1003 2950 1141 3011 Nauckii
1161 2950 1355 3010 correctioni
1372 2945 1534 3026 ὀρνεθείοτν
1549 2945 1688 3022 λεκάνην,

407 3047 491 3123 quod
515 3063 554 3108 ea
577 3049 677 3109 verba
700 3050 733 3109 in
764 3052 917 3111 trimetro
941 3051 1051 3112 locum
1077 3050 1196 3111 habere
1218 3065 1285 3111 non
1308 3052 1453 3125 possent.
1487 3049 1586 3125 Quasi
1609 3061 1687 3107 vero

406 3149 439 3211 iu
463 3151 640 3211 comoediis
663 3165 728 3212 nou
751 3154 881 3213 extaret
905 3155 1048 3213 metrum
1073 3153 1338 3228 anapaesticuml

362 3252 413 3312 l'r.
437 3254 489 3313 83.
525 3248 663 3329 ἀντήλτος
699 3254 838 3327 requirit
870 3254 920 3314 Bl.
952 3254 1047 3315 Hanc
1076 3269 1157 3315 sane
1187 3255 1332 3316 formam
1364 3254 1500 3314 atticam
1532 3266 1606 3313 esse
1640 3251 1688 3311 ait

406 3353 622 3427 Phrynichus.
648 3353 693 3415 Oi.
718 3352 902 3433 ἀπηλιώτης,
924 3353 1026 3433 ἔπηλις
1051 3361 1111 3417 ολο.
1135 3355 1274 3416 Difficile
1297 3359 1410 3418 autem
1429 3356 1463 3417 iu
1481 3355 1533 3415 his
1552 3353 1685 3429 glossis,

407 3454 460 3515 ubi
491 3470 620 3516 merum
652 3471 772 3518 nomen
804 3457 1035 3534 Theopompus
1066 3460 1197 3534 citatur,
1229 3458 1346 3532 ubique
1377 3457 1580 3532 distinguere
1610 3455 1687 3528 quid

405 3555 575 3633 historico,
601 3557 676 3631 quid
700 3560 817 3632 poetae
841 3558 1053 3619 tribuendum
1078 3560 1132 3620 sit.

362 3657 412 3718 Fr.
438 3659 491 3718 84.
527 3655 753 3735 iactatiactat
784 3660 923 3720 coniecit
946 3659 994 3720 Bl.
1027 3661 1156 3721 Revera
1180 3658 1415 3739 incupidum
1438 3674 1596 3734 umquam
1624 3659 1687 3720 dici

405 3759 552 3835 potuisse
576 3775 633 3834 pro
656 3759 836 3839 πεπράσεται
860 3776 996 3836 prorsus
1019 3761 1218 3824 incredibile.

361 3860 412 3920 Fr.
437 3862 490 3921 95.
515 3861 652 3922 Temere
675 3859 946 3940 τονθορυστοῖ
971 3863 1020 3922 Bi.
1045 3863 1090 3932 Gi.
1116 3865 1331 3940 τανθαρύζειν,
1353 3865 1559 3936 certatricem.

449 3963 472 4020 Ε
499 3962 686 4022 Philetaero
710 3962 783 4023 Vat.
808 3962 899 4024 Gohn
924 3963 957 4022 in
983 3965 1065 4024 Mus.
1090 3965 1194 4026 Rhen.
1223 3966 1307 4027 1888
1339 3982 1369 4041 p.
1394 3967 1459 4027 414
1483 3963 1685 4040 Theopompi

403 4063 601 4137 fragmentis
624 4064 764 4124 addidit:

448 4161 498 4223 aui
532 4161 760 4240 &privabitur
794 4162 929 4245 λέγοντες
955 4164 1053 4226 οὐκέτι
1083 4166 1138 4244 τὴν
1162 4165 1316 4244 ἄμυνον
1352 4166 1562 4249 <λὲγοοσιν>,
1587 4165 1615 4226 εἰ
1643 4163 1683 4244 μὴ

407 4263 585 4343 Θεόπομπος
609 4264 697 4339 ἅπαξ·
721 4264 787 4327 καὶ
811 4265 912 4346 ἔχειν
937 4269 969 4338 (l.
993 4267 1126 4346 κατέχειν
1151 4274 1209 4331 aut
1231 4268 1364 4349 sazawa)
1388 4269 1557 4348 ἄμυναν,
1587 4268 1684 4347 ὥσπερ

404 4362 454 4424 καὶ
477 4367 647 4444 Σοφοκλῆς.
671 4368 733 4430 cit.
758 4369 914 4443 Aeschyli
939 4370 1029 4439 (Poll.
1054 4370 1115 4430 Vll
1139 4374 1191 4442 61)
1216 4371 1382 4451 χελμοὶμυνα
1405 4375 1439 4433 et
1461 4367 1588 4431 εὔθυνα.
1612 4369 1682 4430 Vid.

404 4468 546 4528 Lexiccn
571 4483 681 4529 meum
707 4471 812 4547 suppl.
838 4486 864 4530 s.
889 4487 920 4530 v.

360 4666 480 4734 Alcaei
504 4670 543 4730 ir.
571 4673 598 4731 1.
624 4671 672 4731 Bi.
694 4673 749 4732 cit.
770 4671 886 4733 incerti
906 4675 1023 4747 poetae
1043 4674 1257 4737 hexametros
1276 4678 1360 4752 apud
1380 4677 1500 4738 Athen.
1517 4675 1577 4736 VII
1590 4677 1629 4736 al
1643 4677 1681 4751 Α,

404 4772 460 4834 ubi
484 4769 651 4852 ἐφαρμόζου
676 4774 810 4848 corrigit
834 4789 892 4849 pro
916 4770 1102 4852 ἐφαρμόζειν.

360 4867 411 4936 Fr.
437 4877 466 4935 2.
491 4871 584 4951 τρέχε,
606 4872 694 4949 χολέ,
712 4871 767 4933 uti.
787 4889 904 4950 parum
928 4875 1139 4950 probabiliter
1162 4879 1222 4954 Bl,
1251 4879 1328 4939 licet
1349 4879 1517 4959 κατάχολος
1540 4880 1579 4940 de
1604 4879 1681 4940 vitio

404 4980 595 5052 suspectum
618 4976 673 5036 sit.
698 4975 804 5037 Verbo
828 4977 1045 5054 κατοχολεύειν
1069 4980 1174 5039 utitur
1193 4981 1369 5056 Gregorius
1389 4983 1467 5043 Nar..
1487 4983 1558 5043 Non
1577 4979 1683 5054 magis

403 5079 567 5141 satisfacit
592 5079 674 5139 mihi
699 5080 799 5140 Kock.
