3748 5792
964 495 1008 554 90

369 678 443 756 bus,
467 681 744 756 quemadmodum
769 685 887 757 puteus
906 696 971 742 non
995 681 1059 742 nisi
1082 682 1115 741 in
1139 696 1272 741 summa
1293 682 1442 741 siccitate
1465 679 1575 740 delicit
1592 680 1642 750 (ci.

368 779 538 843 Demosth.
563 783 638 842 XIV
662 785 705 844 30
729 781 869 843 ἐπιλείπει
892 781 927 842 ιὰ
950 779 1086 860 φρέατα).
1110 783 1214 858 Quam
1235 783 1456 843 coniecturam
1477 785 1590 842 tamen
1609 783 1644 840 ut

369 898 433 943 non
456 899 589 958 prorsus
613 886 717 948 abicio
740 887 788 946 ita
808 901 872 948 non
895 884 989 946 valde
1008 884 1217 960 commendo,
1240 900 1315 944 cum
1334 884 1420 958 quod
1440 882 1644 945 artificiosior

371 983 609 1060 violentiorque
639 988 767 1049 videtur
797 991 870 1048 tum
893 987 980 1061 quod
1003 973 1121 1062 parum
1147 987 1177 1046 ei
1201 987 1293 1046 iavet
1315 985 1429 1047 aoristi
1453 999 1547 1060 usus,
1571 999 1644 1058 quo·

371 1084 462 1146 niam
493 1084 524 1145 ἐπ
546 1095 599 1147 τοῦ
622 1088 815 1167 παραλλήλου
838 1091 1004 1166 ponuntur
1034 1103 1155 1149 novem
1186 1088 1371 1163 praesentis
1397 1086 1556 1163 temporis
1579 1084 1645 1146 ind·

370 1188 466 1248 nitivi
489 1204 564 1249 cum
588 1205 653 1252 uno
677 1192 799 1253 aoristo
823 1187 986 1262 αἰπαιιαιξαι
1010 1205 1059 1250 vs.
1080 1191 1110 1266 b,
1134 1189 1190 1263 qui
1213 1189 1325 1250 nescio
1344 1205 1387 1251 an
1410 1189 1443 1249 in
1467 1185 1644 1266 ἀπαπαίγειν

370 1289 578 1364 refingendus
608 1293 663 1352 sit.
695 1292 742 1354 Ob
773 1293 912 1353 eandem
946 1306 1081 1353 causam
1112 1305 1177 1351 non
1209 1291 1320 1351 dubito
1351 1291 1426 1365 quin
1450 1306 1515 1351 non
1539 1285 1647 1370 φρέαρ,

369 1391 427 1451 sed
442 1388 572 1462 ἐξελθεῖν
592 1393 749 1455 vitiosum
772 1395 831 1470 sit,
853 1393 916 1454 nisi
936 1393 1020 1454 forle
1040 1392 1136 1467 (quod
1148 1407 1265 1466 parum
1279 1392 1457 1468 probabile)
1474 1394 1646 1465 utrumque

370 1491 565 1553 vocabulum
594 1494 687 1555 cubet
719 1496 752 1555 in
783 1495 912 1556 mendo.
938 1493 1219 1569 ingeniosioribus
1242 1495 1343 1569 igitur
1365 1509 1433 1555 rem
1458 1493 1649 1570 permittere

371 1592 474 1654 habeo
497 1595 612 1655 satius.

327 1694 377 1755 Fr.
406 1696 478 1771 196,
505 1697 533 1756 1.
568 1695 668 1780 κόλπῳ
703 1697 797 1757 malit
831 1697 879 1758 Bl.
906 1729 947 1742 -
971 1696 1027 1756 Vs.
1054 1697 1083 1757 2.
1120 1695 1219 1772 φύντα
1254 1695 1380 1772 Nauck,
1416 1695 1501 1770 quod
1530 1697 1646 1770 placet.

371 1796 462 1856 Idem
486 1801 576 1859 recte
599 1802 658 1868 (vs.
683 1799 714 1867 4)
733 1799 876 1873 praefert
899 1795 935 1858 αὐ
955 1793 1133 1875 παρέαυσιν,
1155 1796 1228 1858 οολλ.
1249 1799 1310 1859 Αν.
1325 1798 1389 1858 688
1410 1801 1444 1858 et
1461 1797 1647 1857 Pherecrat.

375 1897 446 1973 152,
469 1898 498 1958 2.
515 1931 553 1941 -
575 1899 630 1961 Vs.
652 1901 682 1960 3.
702 1897 777 1958 κατὰ
795 1915 853 1975 pro
872 1900 978 1975 priore
998 1896 1048 1958 διὰ
1071 1900 1260 1974 scripserim
1282 1914 1356 1961 curn
1377 1898 1440 1974 Bi,
1460 1899 1516 1972 qui
1536 1914 1584 1958 vs.
1608 1900 1647 1959 15

372 1999 513 2061 tortasse
536 2004 624 2062 recte
647 2000 697 2060 καλ
720 1999 781 2078 μὴν
805 1999 934 2080 ἀκριβῶς
962 1995 1047 2080 <y’>
1074 2003 1257 2078 proposuit,
1289 2001 1347 2062 sed
1379 2003 1504 2061 temere
1533 2016 1581 2060 vs.
1609 2001 1649 2060 18

371 2097 521 2180 διατρέφει
551 2117 609 2176 pro
639 2100 804 2181 περιφέρει,
834 2105 868 2164 in
900 2119 963 2177 quo
991 2102 1073 2162 nihil
1099 2103 1363 2177 vituperandum.
1388 2136 1430 2144 -
1454 2101 1509 2162 Vs.
1535 2103 1587 2161 21.
1612 2101 1648 2161 L.

372 2199 725 2282 ἀναγκγ>νώσιιοντος.

328 2306 379 2365 F'r.
407 2305 479 2381 199,
508 2307 535 2366 l.
1027 2303 1075 2365 ἐπὶ
1097 2313 1199 2383 κῶμον
1223 2305 1337 2366 δοκεῖ

637 2407 728 2486 ἴωμεν
751 2408 850 2487 ὥσπερ
873 2407 984 2487 ἔχομεν.
1010 2410 1043 2465 Β.
1067 2405 1182 2468 οὐκοῦν
1205 2407 1284 2490 δᾷδα
1307 2405 1358 2467 καὶ

639 2521 807 2598 στεφάνους
830 2521 981 2601 λαβόντες.
1009 2523 1170 2598 Χαιρεφῶν
1194 2519 1288 2593 οὕτως
1311 2501 1373 2593 υζν,
1453 2567 1454 2570 ,

639 2623 795 2702 μεμάθηκε
818 2622 964 2700 κωμάζειν
987 2619 1138 2694 ἄδειπνος.

261 2783 266 2792 ,
373 2724 484 2783 Prima
517 2723 617 2785 verba
646 2741 729 2786 sana
759 2741 833 2786 esse
863 2726 1057 2798 neutiquam
1080 2724 1163 2784 mihi
1191 2725 1389 2799 persuadent
1413 2723 1476 2785 loci
1499 2724 1608 2785 collati
1631 2739 1653 2782 a

373 2825 511 2901 Kockio,
537 2825 591 2886 ubi
614 2830 785 2902 praeterea
807 2830 858 2888 est
883 2827 996 2887 δοκεῖ
1014 2847 1086 2902 μοι.
1112 2826 1309 2887 Rectissime
1332 2827 1483 2888 Dindori:

952 2925 1000 2987 ἐπὶ
1022 2935 1140 3003 κῶμον,
1167 2927 1251 2991 <εἰ>
1278 2926 1374 3003 δοκεῖ,

374 3024 443 3103 aad,
469 3028 489 3088 i.
511 3045 538 3090 e.
564 3029 647 3090 nisi
672 3030 802 3090 aliter
825 3030 906 3090 bibi
930 3029 1109 3090 videtur.
1130 3062 1165 3072 -
1184 3028 1239 3089 Vs.
1255 3030 1284 3090 2.
1306 3030 1460 3091 Fortasse
1483 3024 1650 3088 οὔκουν-

373 3126 531 3207 λαβόνιες,
561 3131 625 3191 nisi
656 3131 741 3192 forte
768 3131 935 3206 probanda
959 3130 1125 3205 Blaydesii
1149 3129 1339 3191 coniectura
1358 3128 1472 3190 οὐκοῦν
1497 3163 1537 3174 -
1557 3128 1655 3207 λάβω-

375 3251 438 3304 μεν,
456 3231 533 3305 quia
554 3225 739 3307 quaestioni
763 3248 827 3293 non
852 3232 1098 3309 respondeatur,
1123 3232 1152 3291 si
1171 3231 1271 3292 verba
1289 3247 1358 3306 sqq.
1378 3232 1477 3307 priori
1495 3246 1654 3307 personae

374 3332 546 3393 tribuenda
580 3348 652 3394 esse
678 3337 766 3395 recte
800 3334 958 3395 iudicavit
987 3334 1092 3408 Kock;
1129 3333 1214 3407 quod
1245 3336 1358 3395 tamen
1392 3335 1523 3395 videtur
1552 3333 1653 3392 incer·

376 3434 555 3495 tissimum.
593 3433 761 3496 Lacunam
806 3436 855 3496 Bl.
890 3436 1002 3510 explet
1037 3435 1155 3496 vocula
1188 3435 1276 3513 ταχύ,
1317 3435 1400 3509 quod
1437 3450 1502 3495 non
1536 3433 1654 3508 placet.

376 3535 479 3596 Multa
501 3537 680 3611 excogitari
699 3553 797 3612 posse
818 3539 865 3598 ait
895 3539 950 3614 Κ.,
976 3538 1058 3597 nihil
1080 3537 1150 3612 ipse
1171 3536 1372 3612 excogitans.
1405 3536 1483 3596 Mihi
1507 3537 1540 3596 in
1564 3548 1653 3594 men·

376 3641 445 3698 tem
470 3639 577 3699 venit:

956 3744 1119 3819 Χαιρεφῶν
1142 3777 1169 3805 u
1193 3737 1357 3802 οὑτοσ<ί>
1384 3736 1441 3798 κτὲ.

376 3844 412 3900 ut
446 3841 578 3917 perierit
612 3842 774 3916 particula
804 3843 914 3916 aliqua
947 3839 1035 3918 (μένῖ
1064 3840 1165 3922 pcipi).
1197 3842 1260 3902 Sed
1291 3842 1367 3915 quia
1388 3839 1579 3916 imperfecta
1601 3841 1654 3899 est

375 3943 554 4016 sententia,
580 3943 661 4003 nihil
685 3944 766 4005 certi
790 3945 954 4005 autumari
976 3947 1096 4019 potest.

333 4045 382 4104 Fr.
409 4045 483 4118 202,
511 4046 539 4105 1.
568 4037 676 4106 <cleb
705 4043 736 4104 ἐν
770 4045 884 4131 Κύπρῳ
908 4041 983 4124 τλῆτ’
1015 4063 1073 4122 pro
1097 4048 1181 4108 miro
1204 4061 1284 4106 saue
1307 4043 1378 4121 φής.
1402 4043 1451 4103 Bi.
1476 4042 1509 4102 Si
1533 4055 1653 4102 sanum

378 4147 427 4206 est
442 4141 535 4216 :dg
568 4145 628 4222 φής
660 4148 754 4220 (quod
785 4147 895 4222 ipsum
926 4149 1019 4210 salvo
1051 4149 1159 4209 metro
1189 4147 1288 4207 scribi
1318 4146 1439 4222 potuit,
1467 4143 1544 4204 coll.
1568 4144 1653 4202 crasi

378 4245 530 4332 ἐμαχόμην
561 4249 656 4319 (Εοολ.
690 4252 779 4326 550),
815 4266 876 4311 nec
906 4253 1019 4311 tamen
1057 4250 1212 4324 requiro),
1245 4249 1312 4308 ianr
1344 4251 1420 4307 ante
1450 4260 1590 4320 persona
1616 4245 1652 4305 B.

377 4350 506 4410 dixerat
539 4365 575 4411 se
610 4351 643 4410 in
667 4350 772 4427 Cypro
797 4351 939 4427 degisse,
975 4367 1075 4425 quare
1110 4351 1191 4410 nihil
1226 4351 1356 4410 mutare
1386 4347 1493 4408 satius
1523 4349 1584 4407 est.
1611 4381 1649 4388 -

379 4451 432 4511 Vs.
466 4453 495 4511 9,
527 4451 576 4512 Bi.
607 4452 757 4538 πολυτίμφ
788 4457 845 4514 aut
875 4453 1040 4527 πολυτίμου
1071 4468 1129 4528 pro
1160 4452 1291 4534 τοιούτῳ.
1314 4485 1353 4493 -
1378 4448 1434 4509 Vs,
1462 4449 1511 4508 10.
1535 4445 1653 4526 καρπὸν

378 4553 509 4627 Madvig
531 4558 634 4630 recte,
658 4556 696 4615 ut
727 4556 867 4616 videtur.
892 4590 928 4598 -
959 4556 1014 4616 Vs.
1041 4557 1091 4615 12.
1123 4546 1186 4613 οἷαί
1214 4547 1235 4610 ι’
1267 4554 1337 4613 iure
1367 4553 1479 4632 tuetur
1501 4550 1564 4626 Bl.,
1595 4550 1652 4610 s'ed

379 4669 427 4714 vs.
462 4655 501 4713 14
533 4669 649 4728 parum
681 4655 891 4730 probabiliter
921 4659 1030 4719 tentat
1059 4653 1237 4733 ἀπλσχααοαι
1269 4658 1303 4715 et
1333 4669 1381 4714 ve.
1418 4653 1457 4714 17
1494 4652 1655 4713 inutiliter

378 4749 448 4832 μηδ’
474 4753 551 4834 ἄγαν
574 4756 703 4834 σκληρὸν
727 4760 760 4818 et
782 4758 893 4832 peiora
915 4756 989 4818 alia.

334 4859 385 4919 Fr.
410 4858 484 4934 204,
512 4859 540 4919 1.
575 4856 658 4919 (ium
692 4859 740 4920 Bl.
771 4859 871 4934 probo
902 4859 1128 4920 Valckenaerii
1160 4859 1382 4920 coniecturam
1414 4856 1520 4936 γεγώς,
1542 4855 1653 4916 minus

378 4961 491 5020 tamen
514 4960 647 5035 propter
669 4961 850 5036 particulae
870 4957 902 5020 λέ
926 4966 1020 5035 (quae
1042 4965 1080 5022 ut
1104 4961 1294 5022 vocularum
1318 4957 1373 5037 γάρ
1397 4962 1431 5020 et
1453 4979 1482 5018 τε
1502 4957 1655 5019 omnibus

380 5063 485 5137 poetis
519 5061 650 5122 liberior
687 5066 748 5133 cst)
786 5062 1035 5124 collocationem
1065 5078 1165 5138 quam
1203 5061 1288 5136 quod
1326 5060 1386 5138 φύς
1424 5063 1476 5122 est
1509 5059 1653 5134 tragicae
