3748 5792
829 482 890 541 101

194 671 246 730 Fr.
272 671 326 731 66.
350 670 514 746 Apollonii
533 668 819 752 Noquviolooum
841 671 958 733 tribuit
975 671 1064 734 Stob.
1085 674 1151 734 Ecl.
1173 675 1203 734 11
1221 677 1274 750 46,
1289 676 1328 736 21
1343 692 1373 752 p.
1388 677 1463 750 263,
1479 677 1521 738 20

238 771 421 846 wadnam„
444 774 482 833 ut
505 774 619 833 monet
646 770 758 831 Nauck
782 770 854 832 blei.
879 771 922 831 VI
942 789 972 847 p.
994 774 1047 848 93,
1068 775 1162 836 cuius
1184 776 1247 838 vid.
1266 776 1375 853 Eurip.
1396 778 1434 839 ir.
1455 778 1521 838 920

239 873 273 933 in
297 875 381 948 trag.
405 874 444 934 ir.
468 874 518 934 ed.
542 873 584 934 11.

194 973 246 1033 Fr.
266 974 319 1035 69.
340 974 388 1036 Bl.
408 974 464 1036 cit.
485 971 646 1053 ἐντιζώστρα
667 973 764 1049 Sopb.
785 972 823 1033 ir.
844 974 920 1049 317,
942 974 963 1035 i.
984 990 1011 1036 e.
1033 978 1098 1037 318
1118 971 1245 1055 (derb,
1265 979 1350 1053 quod
1370 980 1522 1055 Sophocli

240 1075 405 1138 abiudicat
428 1075 541 1137 Nauck
564 1091 595 1152 p.
621 1075 696 1136 206.
721 1074 787 1135 Nec
811 1072 924 1151 ζώοτροι
946 1091 1007 1137 nec
1032 1074 1205 1157 ὑποζώοτρα
1231 1081 1415 1155 composita
1432 1081 1520 1142 inve·

239 1176 387 1253 niuntur,
418 1178 477 1239 sed
508 1178 647 1254 ζῶστρον,
669 1178 704 1237 et
726 1177 806 1252 ζῶμα
831 1191 905 1236 cum
929 1179 1132 1254 compositis.
1156 1179 1278 1242 Verum
1302 1180 1465 1262 λιαζόοτρα
1478 1205 1520 1232 =

240 1275 373 1353 διάζωμα
396 1277 497 1339 habet
519 1278 679 1339 Persaeus
702 1292 752 1352 ap.
776 1277 897 1339 Athen.
922 1277 1002 1338 Xlll
1027 1281 1090 1340 607
1104 1280 1138 1341 0.

195 1380 247 1440 Fr.
271 1381 323 1454 70,
346 1382 373 1441 1.
400 1381 499 1452 (εἰς)
524 1371 674 1458 τρίκλινοί
691 1413 732 1423 -
751 1379 895 1458 συνήγετο
916 1380 1128 1454 probabiliter
1146 1381 1207 1458 Bl.,
1228 1383 1301 1444 coll.
1322 1383 1522 1461 Antiphanis

240 1483 280 1543 ir.
305 1483 380 1559 299,
405 1497 607 1558 quamquam
631 1481 714 1543 nibil
738 1482 815 1541 binc
837 1479 1007 1556 proficitur
1029 1483 1068 1542 ad
1093 1482 1164 1570 loci
1179 1482 1406 1545 obscurissimi
1429 1486 1521 1547 intel·

239 1584 432 1662 legentium,
456 1601 517 1648 nec
540 1583 707 1645 συναυλίαν
739 1599 787 1644 vs.
810 1584 830 1643 2
858 1584 1021 1660 corrigere
1046 1585 1192 1660 expedit,
1214 1586 1369 1659 quoniam
1393 1583 1524 1665 γέροντι,

240 1689 278 1746 ut
306 1687 376 1762 ipse
402 1688 522 1762 sensit,
555 1701 621 1748 non
657 1685 765 1761 potuit
798 1699 910 1746 carere
944 1685 1084 1746 articulo
1118 1688 1153 1747 et
1182 1686 1290 1761 ipsum
1325 1688 1522 1749 mendosum

241 1790 378 1850 videtur.
403 1791 578 1852 Praeterea
601 1791 757 1864 expectes
777 1786 944 1867 συνήγαγε;
964 1787 1086 1849 melius
1105 1790 1218 1850 autem
1237 1789 1425 1851 reticuisset
1443 1791 1521 1851 alte-

240 1905 313 1952 ram
336 1893 558 1953 coniecturam
581 1887 739 1968 ἐστόρνυτο
762 1904 820 1964 pro
844 1887 998 1967 συνήγετο.
1021 1889 1127 1950 Locus
1149 1888 1354 1950 insanabilis.

194 1993 248 2052 Fr.
273 1993 326 2053 71.
351 1991 468 2068 Quidni
497 1991 615 2052 Ψιθλου
639 1991 774 2066 scripsit
796 1989 926 2052 editor?

199 2193 438 2272 Babullius,
459 2197 490 2258 4.
511 2193 664 2272 φιλήματα
681 2194 721 2255 de
733 2193 897 2255 industria
908 2192 1082 2269 scripsisse
1103 2192 1267 2254 comicum
1279 2203 1337 2269 pro
1349 2193 1522 2275 τραγήματα

241 2312 307 2360 non
341 2297 489 2360 suboluit
520 2297 580 2372 Bl,
616 2297 673 2371 qui
706 2296 769 2357 boc
802 2295 1071 2356 substituendum
1106 2297 1202 2372 putat
1234 2297 1367 2371 propter
1400 2297 1521 2359 Athen.

241 2415 272 2475 p.
297 2400 360 2462 667
374 2399 411 2460 D.
436 2399 586 2475 Resipuit
607 2398 641 2458 in
665 2397 886 2472 addendisp.
912 2397 987 2473 334,
1012 2396 1066 2456 ubi
1090 2396 1147 2457 cit.
1172 2396 1321 2458 Platonis
1343 2397 1382 2459 tr.
1407 2401 1459 2475 46,
1482 2401 1520 2474 53

243 2500 378 2577 Callipp.
403 2501 447 2562 IV
470 2502 552 2576 ao1;
577 2501 660 2562 Xan.
686 2499 798 2574 Symp.
825 2501 855 2574 5,
881 2499 911 2559 9.

198 2603 250 2664 lir.
282 2604 313 2664 4.
345 2598 742 2680 ὀττεήσιμον--ὀνττήκ
772 2601 896 2662 comice
925 2597 1041 2661 flatum
1072 2600 1113 2660 ad
1143 2600 1334 2677 exemplum
1366 2602 1521 2664 adiectivi

243 2701 435 2782 λαντετήοιμος
465 2704 705 2780 similiumque,
736 2703 766 2763 si
796 2702 817 2763 l.
837 2717 865 2765 e.
892 2701 940 2763 Bl.
968 2697 1063 2779 darie
1086 2699 1119 2762 δέ
1142 2717 1189 2763 σοι
1213 2703 1368 2778 coniecit;
1393 2703 1521 2779 siquid

242 2807 445 2882 novandum,
471 2805 579 2868 lenius
602 2804 820 2867 correxerim:

273 2981 276 2988 ι
466 2904 590 2985 ὀπτὴν
613 2908 657 2968 σύ
680 2928 745 2986 μοι
768 2904 931 2987 γογγυλίδα
954 2901 1193 2983 vaccariciae

244 3026 302 3087 pro
324 3006 415 3088 φέρω.

290 3111 504 3188 Ἀμάλθεια.
536 3112 572 3174 0.
605 3109 739 3172 (tursius
769 3111 824 3173 cit.
856 3111 951 3172 Prov.
979 3109 1112 3170 coislin.
1137 3110 1190 3185 27,
1214 3123 1358 3184 paroem.
1384 3109 1399 3170 1
1421 3125 1452 3185 p.
1476 3110 1519 3172 44

243 3214 347 3288 Goti.;
372 3213 522 3276 Eustatb.
548 3214 587 3274 ad
610 3212 703 3288 Diog.
727 3213 846 3288 perieg.
871 3212 952 3286 431;
974 3211 1167 3286 Palaephati
1189 3210 1343 3274 incredib.
1367 3212 1421 3288 46,
1447 3213 1477 3274 2.

196 3317 250 3377 Fr.
275 3317 305 3394 7,
329 3319 360 3378 3.
383 3315 431 3378 De
453 3319 609 3375 καυλοῖσιν
634 3348 674 3359 -
699 3312 807 3398 σιλφίῳ
831 3314 880 3374 Bl.
900 3313 957 3376 cst.
977 3312 1168 3374 Anaxandr.
1188 3313 1235 3373 III
1258 3313 1320 3374 184
1341 3313 1381 3376 Μ.
1400 3314 1521 3390 καυλοί,

243 3417 370 3494 σίλφιον.
396 3451 436 3462 -
459 3417 516 3478 Vs.
540 3419 571 3480 6.
596 3414 826 3478 indubitabilis
856 3417 908 3478 est
930 3413 1046 3475 Koclrii
1070 3415 1227 3476 correctio
1250 3421 1343 3475 ταῦτα
1366 3413 1521 3494 λαίνυμαι.

243 3519 404 3582 Observes
434 3524 546 3582 autern
578 3520 679 3580 velim
709 3519 744 3579 iu
774 3518 828 3579 his
857 3516 1011 3578 Herculis
1034 3515 1143 3577 verbis
1169 3516 1330 3591 tragicam
1352 3517 1519 3592 grandelo·

243 3623 412 3697 quentiam
439 3623 651 3698 conspicuam
676 3621 709 3680 in
732 3619 833 3701 ῥώμης
856 3615 957 3696 ἀκμὴν
980 3620 1015 3679 et
1036 3633 1098 3679 ueu
1123 3618 1213 3679 verbi
1233 3617 1413 3696 δαίνυσθαι,
1435 3620 1520 3694 quod

242 3739 298 3799 pro
321 3723 455 3784 δειπνεῖν
476 3725 511 3784 in
533 3722 615 3784 solis
637 3722 781 3798 parodiis
804 3737 824 3782 a
846 3720 981 3782 comicis
1004 3719 1187 3780 adhibetur.
1211 3718 1385 3795 conspirat
1402 3735 1520 3782 versus

244 3825 407 3887 secundus
430 3825 591 3900 repetitus
614 3838 657 3884 ex
680 3824 755 3886 Eur.
780 3822 939 3884 Androm.
964 3822 1040 3883 369.
1067 3855 1106 3866 -
1131 3821 1187 3882 Vs.
1213 3822 1243 3883 8.
1264 3818 1420 3895 ἀσόλοικος
1439 3822 1520 3884 locis

243 3927 388 3989 illustrat
418 3927 466 3988 Bl.
496 3929 530 3988 et
560 3941 610 3987 vs.
641 3926 661 3986 9
692 3926 808 3986 duram
840 3923 1011 4000 anapaesti
1037 3923 1233 3984 incisionem
1255 3926 1394 3985 excusat
1417 3925 1518 3986 diver·

243 4043 355 4090 sarum
376 4043 485 4088 rerum
505 4028 764 4088 enumeratione.
784 4027 834 4088 ibi
852 4021 927 4086 ὀτετὰ
946 4023 1095 4100 δέλφακος
1110 4028 1198 4087 recte
1210 4025 1350 4086 coniecit
1361 4025 1518 4089 ideineke.

198 4129 251 4190 Fr.
275 4131 306 4206 8,
332 4132 360 4191 1.
386 4129 631 4207 supplementis
661 4129 751 4190 addit
773 4129 821 4190 Bl.
850 4125 982 4205 <ὑμῖν>
1009 4125 1050 4199 ελς
1073 4123 1172 4205 μέσον.
1187 4161 1226 4172 -
1241 4125 1298 4188 Vs.
1324 4128 1353 4188 2.
1382 4127 1519 4190 Temere

243 4222 299 4290 εἶθ’
324 4229 449 4292 dilecte
472 4233 591 4295 tentat.
616 4265 653 4275 -
681 4231 738 4291 Vs.
760 4231 791 4291 3.
816 4230 1008 4305 Repouatur
1029 4229 1138 4292 forma
1160 4229 1263 4292 attica
1284 4230 1471 4308 κελεύματος.

199 4331 251 4394 Fr.
271 4334 302 4408 9,
326 4334 354 4393 1.
375 4328 408 4393 di
426 4331 610 4410 θυννείοιοι,
628 4332 744 4394 Koclrii
762 4332 950 4392 coniectura
965 4335 1059 4406 (quae
1070 4331 1152 4391 mibi
1172 4332 1305 4406 quidem
1321 4347 1438 4408 parum
1449 4348 1519 4409 pro·

243 4432 349 4504 batur)
377 4449 468 4511 usus,
499 4432 747 4512 improbabilius
774 4433 838 4508 Bt,
863 4433 918 4508 qui
941 4433 1032 4493 vsi
1061 4433 1181 4494 iniuria
1203 4433 1350 4509 postulat
1376 4434 1518 4496 formam

243 4535 386 4597 solutam
410 4531 544 4613 ἁθρόους
576 4536 701 4597 Ibidem
725 4535 948 4611 proponebam
968 4534 1047 4595 olim
1067 4527 1130 4595 ὥστ’
1157 4532 1268 4594 ἐνεῖναι
1291 4529 1376 4613 μηδ’
1402 4530 1519 4614 ἔθ’ἔν,

242 4652 308 4698 non
330 4652 408 4699 vero
431 4637 552 4700 sufficit
579 4638 664 4712 quod
695 4637 836 4698 coniecit
863 4636 911 4697 Bl.
942 4630 987 4696 ἔτ’
1021 4627 1128 4696 εἶναι
1158 4632 1235 4714 μηδὲ
1254 4635 1305 4714 iv,
1327 4653 1405 4698 nam
1429 4637 1519 4699 notio

243 4739 384 4800 inesse
407 4742 459 4800 est
482 4739 679 4800 necessaria.
700 4772 739 4783 -
763 4737 817 4798 Vs.
839 4739 868 4799 3.
889 4742 1052 4798 κατοκνεῖν.
1078 4738 1123 4799 llo
1146 4753 1247 4800 sensu
1271 4739 1388 4801 comici
1410 4739 1520 4802 Latini

244 4843 381 4903 utuntur
404 4841 504 4902 verbo
527 4839 815 4916 tuburcinari,
841 4839 862 4901 i.
884 4855 911 4902 e.
937 4840 1185 4916 degluttire.

201 4941 250 5003 rr.
277 4944 327 5018 10,
352 4945 382 5003 4.
407 4942 478 5004 Non
501 4942 751 5019 praeterendum
775 4940 996 5020 μουσικώτερον
1019 4957 1094 5004 curn
1117 4941 1303 5016 Blaydesio.

202 5041 252 5104 lu.
280 5045 329 5104 11.
361 5043 409 5104 Bl.
441 5034 528 5117 οὗτος
551 5033 608 5104 οὖν
635 5042 743 5123 dxci>
771 5040 897 5123 Ιπαγὴν
920 5043 1052 5124 μεγάλην
1080 5037 1208 5120 <τιν>’,
1239 5035 1261 5104 ὦ
1293 5042 1443 5122 Χαριάδη,
1471 5039 1522 5102 καλ
