3748 5792
979 545 1043 606 100

391 737 495 812 idem,
524 751 602 798 nam
631 733 664 795 rt
698 733 817 814 τάριχον
850 748 1005 810 graecum
1035 748 1101 795 non
1130 749 1219 810 esso,
1244 735 1301 794 sed
1324 747 1365 794 ex
1388 733 1528 795 articulo
1552 735 1665 794 neutro

395 841 511 898 natum
530 838 740 898 librariorum
764 835 896 911 σφάλμα,
918 836 991 911 quis
1014 849 1117 896 sanus
1140 850 1206 897 non
1225 836 1339 896 videt?
1363 835 1486 896 Ibidem
1499 834 1520 895 l.
1533 830 1671 912 μειχθεὶς.

351 941 402 1002 Fr.
426 942 480 1016 51,
506 944 534 1001 1.
570 939 619 1000 Β1.
651 940 707 1002 cit.
740 938 822 999 Nub.
847 939 930 1010 858;
963 937 1058 1012 Vesp.
1084 939 1166 1012 665;
1198 937 1282 999 11661.
1307 938 1386 1013 682,
1418 939 1508 998 recte
1538 937 1669 996 interro·

395 1042 494 1117 gandi
516 1041 650 1116 signum
677 1044 898 1115 transponens
921 1043 995 1115 post
1018 1039 1109 1115 Σύρε.

351 1145 403 1206 Fr.
429 1145 481 1205 52.
506 1145 537 1204 3.
562 1138 636 1219 ἁρχὴ
659 1143 731 1202 sina
754 1156 856 1203 causa
878 1141 926 1202 Bl.
951 1141 996 1202 ila
1020 1156 1086 1202 vox
1109 1143 1147 1202 ut
1165 1137 1246 1213 τέλος
1273 1143 1307 1202 61
1334 1139 1449 1218 τελευτή
1468 1156 1566 1216 saepe
1584 1143 1673 1200 caret

396 1244 542 1306 articulo.
558 1244 649 1306 -In
674 1259 722 1304 va.
744 1245 761 1303 l
788 1244 897 1304 verbis
920 1241 1028 1314 δοῦλος
1054 1240 1144 1313 αὐτὸς
1169 1241 1279 1322 γίνεται
1304 1243 1336 1313 (i.
1356 1241 1487 1321 γίγνεται
1505 1243 1559 1304 bic
1577 1246 1611 1305 ot
1632 1243 1672 1303 10

396 1349 430 1407 61
456 1347 507 1416 13)
542 1360 606 1406 non
637 1345 745 1416 6ο61ος
775 1347 809 1406 in
841 1343 976 1422 φροῦδος
1007 1360 1082 1405 cum
1107 1344 1231 1405 Kockio
1254 1344 1450 1405 mutandum
1475 1344 1592 1418 videri,
1615 1343 1671 1404 sed

395 1445 487 1518 αὐτὸς
521 1447 554 1508 in
589 1443 683 1529 αὑτῷ,
718 1447 786 1508 iam
817 1446 897 1508 olim
928 1447 1051 1508 monui.
1083 1447 1117 1507 Si
1147 1447 1204 1522 qui
1234 1462 1357 1522 pauper
1384 1447 1517 1508 duxerit
1550 1446 1672 1506 indota-

396 1551 468 1609 tam
510 1547 697 1623 mulierem,
738 1547 823 1608 sibi
860 1549 945 1624 ipsi
984 1565 1134 1609 servus
1164 1549 1232 1624 111,
1265 1549 1315 1609 ain
1354 1549 1507 1624 divitem,
1539 1548 1672 1608 uxori.

395 1649 561 1725 Blaydesii
590 1652 777 1712 tentamina
804 1651 869 1711 tria
900 1651 1023 1712 nullius
1053 1653 1132 1712 sunt
1154 1651 1265 1727 pretii,
1289 1651 1321 1711 in
1346 1650 1464 1724 quibus
1487 1665 1599 1711 meum
1622 1652 1675 1710 est

396 1743 503 1829 αὖθις,
533 1753 617 1827 quod
649 1752 773 1813 dudum
798 1753 994 1829 abieceram,
1021 1754 1177 1827 quoniam
1201 1755 1289 1814 recte
1313 1753 1474 1813 Koclrium
1501 1767 1546 1812 vs.
1572 1754 1592 1812 6
1615 1766 1673 1826 pro

394 1850 815 1933 miseratamiserata
840 1859 989 1938 mutasse
1013 1854 1255 1930 intellegebam.
1282 1888 1322 1898 -
1350 1854 1403 1915 Vs.
1428 1855 1478 1914 10.
1503 1853 1673 1914 Manifesta

396 1955 511 2026 εἴσοδος
535 1970 600 2016 non
623 1955 854 2016 amicorum
878 1958 942 2032 est,
969 1959 1006 2017 ut
1028 1958 1123 2032 putat
1145 1956 1209 2032 Bl.,
1233 1957 1291 2018 eod
1310 1955 1414 2032 ipsius
1433 1957 1540 2031 turpis
1559 1955 1674 2015 uxoris

395 2057 521 2132 mariti,
553 2057 609 2130 qui
631 2057 768 2118 domum
791 2073 888 2120 suam
911 2074 1047 2134 perosus
1070 2061 1232 2132 quantum
1255 2060 1366 2134 potest
1387 2057 1516 2133 lugiens
1536 2071 1671 2117 uxorem

395 2159 475 2219 foris
497 2162 667 2232 versatur;
698 2159 775 2234 quid
798 2163 910 2222 autem
935 2161 998 2222 sibi
1024 2160 1102 2221 velit
1126 2161 1198 2222 eius
1220 2160 1408 2222 coniectura
1430 2152 1484 2218 ἐστ’
1510 2157 1551 2230 εἰς
1573 2156 1673 2218 οἰκίον

395 2261 465 2337 ipsc
498 2260 627 2321 viderit.

352 2363 536 2450 1161116.
573 2363 714 2438 Blaydes
749 2364 866 2440 probat
898 2380 1008 2426 meam
1044 2365 1280 2426 correctionem
1311 2360 1401 2433 αὐτὸς
1426 2377 1484 2437 pro
1515 2353 1609 2433 οὗτος.
1631 2393 1670 2405 -

395 2464 450 2525 Vs.
476 2466 496 2525 4
521 2467 590 2526 tam
615 2465 784 2527 evidenter
806 2467 952 2528 correxit
974 2467 1106 2543 Jacobs,
1134 2469 1170 2526 ut
1189 2464 1286 2527 facile
1305 2478 1479 2526 careamus
1497 2463 1675 2526 infeliciore

396 2567 494 2642 Angli
525 2567 722 2644 tentamine,
758 2569 842 2642 quod
876 2569 963 2630 idem
999 2570 1089 2630 valet
1122 2569 1161 2629 de
1189 2583 1238 2628 vs.
1263 2569 1294 2644 7,
1325 2568 1380 2628 ubi
1410 2566 1510 2628 affero
1540 2569 1671 2626 tantum

392 2668 570 2729 'Headlami
589 2672 760 2731 tentamen
779 2669 909 2747 λήθην
933 2666 966 2730 δὲ
984 2680 1091 2748 ποιῶν,
1109 2670 1139 2730 εἴ
1153 2693 1178 2730 τι
1199 2668 1352 2741 δυσκόλως
1371 2667 1388 2729 ἔ
1391 2691 1468 2748 χοι,
1486 2669 1571 2742 quod
1590 2668 1672 2729 mibi

395 2769 527 2842 quidem
550 2769 658 2844 placet
680 2770 869 2832 admodum.

351 2869 402 2930 Fr.
427 2871 480 2944 54,
495 2872 525 2930 6.
546 2869 682 2932 Temere
706 2871 797 2933 Koclr
821 2871 893 2932 drea
915 2895 956 2948 u,
978 2873 1063 2948 quod
1087 2888 1128 2933 ne
1147 2873 1333 2934 sententiae
1353 2872 1483 2947 quidem
1504 2871 1671 2945 convenit,

395 2987 461 3034 non
494 2971 583 3032 anim
619 2972 728 3035 hercle
762 2975 901 3035 omnia
934 2974 1056 3050 publici
1086 2975 1165 3035 iuris
1196 2974 1347 3036 iacienda
1380 2975 1473 3048 sunt,
1508 2974 1544 3033 si
1575 2971 1671 3047 quid

394 3089 518 3134 novum
554 3075 692 3152 videtur,
729 3076 786 3137 sed
821 3091 924 3150 quae
958 3091 1045 3138 nova
1082 3077 1155 3152 quis
1191 3093 1265 3138 assa
1299 3077 1408 3138 ducat.
1442 3075 1552 3136 Etiam
1586 3073 1670 3148 apud

393 3175 535 3250 Atticos,
571 3179 767 3250 praesertim
801 3177 955 3253 seriores,
991 3178 1129 3238 subinde
1164 3181 1301 3255 apparet
1329 3176 1430 3238 doario
1458 3177 1583 3239 dictum
1612 3191 1671 3251 pro

395 3275 535 3354 νομίζειν,
564 3281 598 3339 61
626 3277 696 3339 fleri
727 3281 837 3355 potest
868 3282 903 3340 ut
932 3281 1140 3355 Antiphanes
1167 3281 1205 3341 11.
1230 3281 1306 3356 253,
1331 3282 1350 3340 2
1374 3279 1543 3355 scripserit
1565 3273 1669 3352 drapt-

395 3389 492 3454 ρεκν
516 3377 655 3450 δοκεῖς).

351 3479 402 3539 Fr.
426 3481 479 3554 56,
504 3481 534 3541 4.
560 3481 730 3541 Sententia
752 3481 835 3542 satis
857 3483 1029 3558 perspicua
1051 3498 1117 3544 non
1141 3483 1265 3558 indiget
1288 3483 1403 3544 Kockii
1426 3481 1631 3544 coniecturis.

351 3581 402 3642 llr.
427 3583 479 3643 57.
505 3582 705 3656 Ganymedis
734 3584 835 3645 verba
865 3599 938 3645 asse
969 3585 1049 3646 olim
1079 3585 1205 3659 monui,
1238 3585 1321 3659 quod
1353 3599 1440 3645 nunc
1467 3585 1586 3660 repetit
1608 3582 1668 3658 Bt,

394 3683 446 3744 cui
469 3684 609 3746 sortasse
632 3699 698 3744 non
721 3685 840 3746 iniuria
863 3686 1014 3761 displicet
1036 3686 1132 3763 advo,
1154 3687 1212 3746 sed
1234 3686 1470 3761 plurataniat,
1491 3683 1669 3758 exquibus

393 3785 502 3845 solum
525 3785 669 3860 speciem
692 3785 792 3847 habet
815 3787 932 3856 (deleto
955 3786 998 3859 rb)
1023 3785 1127 3868 νέκταρ
1151 3783 1244 3846 ἐσθίω
1267 3784 1378 3867 γλοκ1ο;
1399 3787 1440 3846 ad
1460 3786 1559 3847 verba
1576 3782 1668 3844 ἐσθίω

394 3885 511 3963 μάττων
534 3887 590 3948 cst.
616 3887 688 3948 Pac.
717 3889 766 3948 14.

349 3987 400 4048 Fr.
425 3988 478 4064 58,
499 3990 529 4049 3.
554 3987 671 4050 Nescio
695 4005 736 4050 an
761 3991 882 4051 rectius
906 3991 954 4052 Bl.
975 3992 1097 4053 scribat
1121 3986 1293 4050 διασκεδοοὲ
1315 4001 1418 4065 <οε>,
1435 3988 1541 4050 deleto
1561 4001 1669 4063 super·

393 4105 497 4150 vacuo
519 4096 591 4167 νῦν,
613 4091 724 4152 durior
747 4093 836 4153 enim
862 4096 913 4153 est
931 4093 1046 4154 Kockii
1062 4094 1301 4169 interpretatio.
1322 4092 1368 4154 De
1388 4089 1479 4167 νέφος
1498 4091 1669 4152 hocsensu

394 4192 714 4266 usurpationibus
739 4194 835 4271 Hipp.
862 4197 935 4256 173.

349 4292 400 4352 Fr.
426 4293 477 4368 59,
504 4294 533 4355 2.
559 4293 661 4354 Multa
683 4297 792 4356 tentat
814 4297 875 4372 Bi,
895 4313 914 4357 6
933 4297 1053 4371 quibus
1072 4299 1216 4374 speciem
1237 4297 1337 4358 habet
1356 4293 1443 4373 μέρος
1463 4287 1491 4355 εἶ
1508 4293 1546 4354 σὺ
1565 4291 1668 4370 μόνον.

349 4394 400 4455 Fr.
432 4396 484 4471 60,
517 4396 546 4456 2.
580 4396 765 4458 Secundum
797 4399 950 4459 Photium
974 4401 1117 4473 genuina
1143 4401 1250 4461 forma
1271 4399 1375 4460 attica
1397 4398 1462 4458 11111
1482 4394 1593 4476 λάγοης
1616 4395 1668 4464 (ci.

393 4496 507 4557 Eubul.
539 4497 588 4557 111
620 4499 694 4574 230,
726 4515 810 4561 6ο111.
838 4516 935 4562 anon.
960 4500 1005 4560 IV
1029 4503 1119 4576 657),
1145 4517 1209 4563 non
1233 4499 1355 4579 λάγους,
1377 4515 1438 4560 noc
1459 4487 1541 4560 sane
1563 4498 1670 4559 forma

393 4597 552 4658 feminina
580 4597 675 4678 λάγοη
706 4600 837 4662 aliunde
860 4601 996 4662 affertur
1019 4619 1118 4677 quam
1143 4603 1285 4663 eschol.
1310 4603 1369 4677 Ap.
1394 4600 1497 4662 Rbod.
1522 4599 1669 4660 111451.

393 4698 465 4758 Vid.
496 4699 572 4760 Lob.
605 4700 727 4774 Pbryn.
762 4703 834 4764 184.
866 4703 1042 4778 Propterea
1072 4704 1120 4764 Bl.
1152 4705 1331 4766 coniecisse
1362 4704 1492 4764 videtur
1520 4702 1669 4780 tdyvov

392 4799 548 4878 γυναικός,
567 4801 644 4874 quia
663 4804 777 4863 tamon
798 4804 897 4879 vulgo
916 4803 1025 4882 λάχνης
1046 4804 1173 4882 (λάχνος)
1192 4805 1232 4866 de
1253 4806 1345 4882 viria,
1367 4805 1476 4882 μάχλος
1497 4805 1536 4865 de
1555 4802 1669 4863 mulie·

391 4901 482 4963 ribus
513 4902 742 4980 usurpabatur,
773 4902 843 4965 deri
872 4908 981 4981 potest
1010 4903 1669 4981 11166111166ο1118611611111611μ6χ1ης

392 5001 535 5083 γυναικός
558 5000 647 5080 ἔστιν,
669 5002 725 5064 οὐκ
748 5002 859 5082 ἀνδρὸς
883 5005 958 5066 τόδε.

347 5105 399 5166 Fr.
423 5105 477 5166 64.
501 5101 569 5178 ἄξιοι
591 5121 650 5182 pro
672 5102 772 5184 ἄξιον,
794 5111 831 5168 ut
854 5109 939 5184 apud
962 5109 1193 5186 Aristotelem,
1218 5112 1307 5170 recte
1330 5107 1477 5184 postulat
1500 5107 1548 5167 Bl.
