3718 5788
975 480 1041 540 180

343 669 393 729 rr.
419 668 494 728 908.
518 666 687 728 inutiliter
709 667 862 743 supplere
886 670 1023 729 conatur
1046 666 1109 743 Bl.,
1135 681 1213 726 nam
1238 664 1338 726 variis
1361 665 1482 741 modis,
1508 666 1569 728 i.e.
1595 665 1668 725 sine

388 770 456 830 ulla
482 768 727 844 probabilitate,
753 770 785 831 id
809 768 880 830 lleri
904 771 1022 846 potest.

344 873 396 933 Fr.
421 871 495 932 913.
520 868 688 949 πατάγημα.
712 871 758 932 Ut
781 871 913 949 λάλημα,
935 868 1049 950 άλημα,
1072 867 1266 947 παιπάλημα,
1288 871 1412 946 τρῖμμα,
1435 871 1496 929 eto.
1521 869 1605 938 (Bt).

344 976 395 1036 Fr.
421 974 495 1034 918.
520 972 566 1033 De
589 973 696 1034 torma
718 970 814 1033 οὐθέν
834 973 953 1048 ubique
973 974 1138 1035 reddenda
1158 971 1334 1032 Menandro
1354 972 1429 1032 vide
1449 987 1532 1046 quae
1551 973 1668 1047 scripsi

388 1092 414 1137 s.
440 1093 470 1135 v.
494 1072 599 1146 οὐθείς
623 1107 666 1116 -
689 1075 798 1152 μηθείς
822 1077 855 1138 in
879 1077 999 1138 Lexico
1023 1092 1097 1137 meo
1122 1074 1232 1150 Suppl.
1259 1077 1291 1135 el
1314 1074 1390 1135 dial.
1415 1091 1444 1150 p.
1471 1077 1546 1135 605.

346 1179 395 1237 Fr.
420 1178 494 1250 9:23,
521 1179 551 1237 b.
582 1175 724 1252 φίλτατον
754 1191 820 1238 non
848 1178 1043 1238 mendosum
1068 1181 1134 1253 est,
1160 1178 1197 1236 ut
1221 1175 1351 1236 videtur
1374 1176 1437 1250 Bi,
1462 1176 1519 1236 sed
1544 1177 1670 1251 optime

388 1279 589 1352 explicatum
614 1293 633 1337 a
656 1278 827 1338 bleinekio.

346 1382 395 1441 rr.
421 1382 495 1440 924.
587 1376 627 1451 ὧς
652 1379 881 1458 Ἀλεξανδρῶδες
905 1377 964 1458 ἤδη
988 1387 1084 1440 τοῦτο·
1110 1375 1166 1437 κάν
1191 1379 1264 1456 ζητῶ
1288 1401 1392 1456 τινα,

588 1479 754 1558 αὐτόματος
779 1473 866 1553 οὗτος
889 1479 1088 1561 παρέσται·
1112 1476 1169 1540 κάν
1194 1481 1327 1540 διελθεῖν
1352 1479 1502 1558 δηλαδὴ

589 1580 639 1642 διὰ
662 1583 812 1660 θαλάττης
836 1581 905 1668 δέη
929 1583 1021 1644 τόττον
1045 1578 1110 1661 τιν’,
1133 1575 1221 1654 οὗτος
1245 1581 1353 1642 ἔσται
1377 1605 1426 1659 μοι
1451 1582 1548 1660 βατός.

389 1685 442 1746 Vs.
471 1687 498 1746 l.
523 1685 613 1746 Kock
637 1681 705 1764 ἤδη·
730 1685 825 1745 πάτον
846 1683 913 1762 ἐάν,
937 1689 971 1746 at
995 1701 1100 1760 neque
1123 1693 1210 1744 τοῦτο
1229 1686 1402 1746 commode
1422 1686 1538 1747 abesse
1558 1687 1671 1759 potest

387 1803 492 1862 neque
515 1787 607 1859 πάτος
630 1791 682 1849 est.
705 1790 850 1850 comicae
874 1789 1039 1866 dictionis,
1060 1790 1119 1851 sed
1142 1789 1277 1850 Homeri
1302 1791 1335 1848 et
1354 1788 1670 1860 Alexandrinorum,

388 1889 497 1963 itaque
529 1891 600 1950 vitii
623 1891 719 1951 sedes
742 1913 808 1950 τινα
833 1892 973 1967 viderur,
995 1907 1052 1966 pro
1079 1907 1142 1966 quo
1162 1890 1232 1952 fleri
1253 1893 1362 1967 potest
1383 1893 1419 1951 ut
1438 1890 1537 1950 luerit
1555 1887 1672 1966 τρίβον.

388 1991 475 2050 Bene
499 1994 612 2051 autem
635 2006 672 2052 se
696 1992 796 2051 habet
818 1989 890 2066 κᾶν,
913 1993 940 2052 sl
965 1993 1240 2054 admirabundam
1265 1992 1540 2052 exclamationem
1564 1985 1607 2060 ὡς
1631 2023 1670 2032 -

385 2099 472 2151 τοῦτο
497 2093 643 2168 parasito
667 2095 867 2154 assentatori
890 2094 1025 2169 gloriosi
1046 2094 1217 2155 cuiusdam
1239 2094 1356 2154 militie
1376 2092 1570 2165 tribuentes,
1595 2091 1673 2149 buic

389 2193 542 2262 (militem
577 2193 661 2270 dico)
698 2196 731 2255 in
766 2196 920 2257 iactando
955 2197 1104 2273 pergenti
1139 2195 1265 2268 reliqua
1299 2194 1527 2255 adscribimus.
1558 2193 1618 2253 Vs.
1652 2194 1671 2250 2

388 2298 421 2355 et
445 2297 464 2354 3
495 2312 553 2372 pro
584 2294 726 2374 παρέσται
754 2301 787 2358 el
818 2295 896 2356 ἔσται
925 2299 1113 2372 praesentia
1143 2296 1358 2371 expectabam
1383 2311 1458 2356 cum
1481 2295 1670 2368 Blaydesio.

388 2396 424 2456 ln
449 2397 583 2471 reliquis
606 2399 767 2458 caecutire
787 2414 841 2459 me
860 2399 976 2475 fateor,
994 2413 1100 2472 neque
1119 2399 1222 2472 enirn,
1244 2400 1281 2458 ut
1300 2399 1451 2472 antehac,
1472 2397 1554 2457 mihi
1573 2397 1674 2456 hodie

387 2498 554 2559 satisfacit
573 2515 620 2559 vs
635 2501 654 2559 3
675 2500 791 2560 Koclrii
811 2501 999 2561 coniectura
1016 2500 1111 2579 πόρον
1131 2515 1188 2576 pro
1201 2497 1307 2575 τόπον,
1322 2515 1426 2574 neque
1439 2499 1516 2560 ferri
1527 2501 1675 2574 possunt

389 2614 472 2672 quae
495 2601 618 2674 profert
640 2601 706 2661 BL:
738 2598 794 2660 κᾶν
823 2600 954 2662 διελθεῖν
978 2623 1040 2662 ποι
1065 2601 1083 2661 δ
1092 2599 1132 2684 ῖη
1156 2599 1221 2661 διὰ
1249 2599 1399 2678 θαλάττης
1423 2601 1464 2672 εἰς
1486 2600 1579 2661 τάττον
1607 2593 1674 2682 τιν’,

390 2691 477 2770 οὗτός
508 2697 567 2759 ἔστι
598 2722 649 2777 μοι
677 2702 781 2781 βατός,
811 2705 888 2777 qula
910 2705 1078 2765 sententio
1101 2703 1280 2763 manifesto
1305 2703 1487 2778 postularet
1510 2701 1587 2779 αὕτη
1613 2700 1677 2762 ε’στῖ

388 2823 439 2877 μοι
461 2801 551 2878 βοτη,
574 2805 611 2862 ut
635 2805 768 2864 mittam
792 2806 939 2880 ineptam
965 2803 1201 2866 abundantiam
1225 2825 1277 2864 ποι
1298 2801 1405 2885 δέη-
1425 2803 1467 2875 εἰς
1486 2802 1580 2864 τόπον
1606 2799 1672 2864 τιν’.

388 2902 541 2963 Ceterum
571 2904 632 2963 sub
663 2905 769 2965 otioso
793 2903 924 2982 δηλαδὴ,
947 2907 980 2966 in
1005 2922 1067 2980 quo
1091 2905 1211 2966 merito
1236 2907 1371 2966 haerere
1395 2906 1535 2982 videtur,
1559 2908 1675 2980 potius

388 3003 470 3063 latet
504 3002 542 3080 δὴ
578 3001 638 3086 δέῃ.
674 3006 720 3066 Ne
756 3007 789 3066 in
824 3009 1024 3082 gravissima
1054 3007 1247 3083 quaestione
1281 3007 1345 3068 sim
1381 3009 1450 3082 ipse
1483 3004 1673 3084 ἀσύμβολος,

389 3105 490 3164 donec
514 3107 636 3166 certius
660 3109 851 3184 reperiatur,
877 3109 1123 3170 dubitabundus
1149 3123 1311 3183 propono:

1010 3206 1067 3268 κᾶν
1091 3210 1224 3269 διελθεῖν
1248 3206 1292 3285 δὴ
1317 3208 1334 3268 δ
1343 3205 1383 3292 ἕη

554 3305 604 3366 διὰ
627 3307 776 3385 θαλάττης
799 3307 861 3369 ἐττλ
885 3310 978 3371 τόπον
1002 3305 1066 3388 τιν’,
1088 3303 1175 3382 οὗτος
1199 3307 1261 3369 ἐστί
1281 3331 1332 3387 μοι
1355 3309 1453 3388 βατός.

389 3409 450 3468 i.e.
474 3412 515 3469 et
538 3410 572 3468 si
597 3412 785 3471 transire
810 3428 920 3473 mare
944 3429 1014 3486 per
1038 3413 1290 3474 distantiam
1315 3413 1521 3486 quandam
1546 3428 1669 3494 apua,

389 3511 490 3570 haec
524 3511 701 3585 pedibus
737 3514 1014 3588 permeabilis
1050 3515 1153 3576 mihi
1188 3517 1264 3574 est.
1297 3514 1356 3589 Qui
1388 3530 1482 3596 usus,
1515 3517 1552 3574 ut
1583 3518 1670 3574 tem·

387 3612 509 3688 poralis
543 3613 590 3674 ita
624 3613 751 3688 localiS,
787 3617 1040 3690 praepositionis
1075 3613 1122 3676 inl
1154 3631 1230 3677 curn
1260 3617 1451 3677 accusativo
1479 3617 1512 3675 in
1548 3614 1671 3690 vulgus

388 3717 486 3775 notus
512 3717 573 3774 est.

344 3817 394 3876 Fr.
419 3818 493 3875 926.
517 3816 564 3875 De
587 3815 707 3875 infelici
732 3817 846 3876 Koclrii
871 3818 1101 3893 supplemento
1125 3823 1213 3879 recte
1237 3819 1284 3880 Bl.
1322 3819 1420 3895 „Mire
1444 3819 1671 3880 consociaren-

386 3920 440 3977 tur·
462 3933 547 3991 pavo
571 3920 604 3977 et
627 3917 783 3977 milvus.”
807 3919 913 3978 Locus
936 3920 1018 3980 mihi
1041 3924 1093 3980 est
1115 3920 1343 3996 perobscurus

343 4020 394 4078 Fr.
419 4019 494 4078 928.
530 4018 691 4078 Headlam
723 4017 770 4077 δεῖ
794 4016 850 4097 γὰρ
881 4016 1063 4080 πλουτοῦνθ’
1094 4020 1249 4098 ὑπόπτως,
1277 4022 1349 4082 coll.
1373 4023 1412 4082 fr.
1437 4023 1512 4095 666,
1541 4023 1576 4094 l;
1603 4022 1669 4082 vio·

387 4119 571 4180 lentissime
590 4118 731 4193 Blaydes
755 4119 804 4178 δεῖ
822 4120 877 4199 γάρ
901 4143 936 4198 με
955 4125 1094 4182 πλουτεῖν
1114 4121 1308 4182 λανθάνοντα
1328 4121 1479 4200 μάρτυρας
1496 4117 1508 4199 ΙΙ
1525 4121 1671 4197 πολλούς,

387 4218 467 4290 ὅπως
497 4218 537 4297 μὴ
566 4219 635 4291 τοὺς
659 4217 790 4298 δρῶντας
815 4218 932 4299 ἕξομεν,
953 4224 1039 4284 mira
1063 4223 1253 4298 tautologia.
1278 4225 1352 4298 Ipse
1376 4222 1454 4283 olim
1478 4221 1668 4282 tentabam:

432 4321 599 4400 δεῖγάρ,
620 4317 665 4379 διν
688 4327 867 4382 πλουτῶν
891 4325 1027 4406 τύχης,
1050 4323 1090 4402 μὴ
1114 4325 1264 4403 μάρτυρας
1288 4324 1416 4394 πολλούς
1444 4315 1532 4384 <σ’>
1559 4319 1638 4399 ἔχειν

431 4421 501 4493 τοὺς
525 4418 663 4501 δρῶντας.

387 4523 491 4584 Hodie
515 4524 630 4585 malim
654 4527 776 4601 partim
800 4541 875 4587 curn
896 4527 1097 4589 Headlamo:
1122 4527 1185 4588 δεῖ
1204 4524 1259 4603 δέ,
1282 4523 1329 4602 μὴ
1352 4529 1525 4608 ολοοτης
1547 4522 1667 4584 ordre

387 4647 471 4701 τας,
500 4624 650 4704 μάρτυρας
680 4627 809 4698 πολλούς
837 4622 926 4689 <σ’>
953 4626 1029 4706 ἔχειν
1060 4626 1132 4706 nrt,
1154 4630 1224 4690 scil.
1249 4628 1305 4702 qui
1328 4629 1493 4688 testentur
1514 4629 1548 4687 to
1573 4625 1669 4689 bonis

387 4726 512 4787 artibus
535 4729 669 4788 divitias
691 4731 767 4788 tuas
790 4731 946 4805 adeptum
971 4745 1054 4791 esse.

342 4828 384 4886 Fr
397 4829 482 4888 .929.
497 4827 729 4904 corrigendum
743 4838 872 4910 συγγενῆ
885 4846 942 4906 pro
955 4830 1060 4910 εὐγενῆ
1074 4833 1106 4890 in
1120 4831 1265 4893 Crameri
1279 4833 1399 4892 Anecd.
1414 4831 1473 4891 Ox.
1487 4831 1534 4890 Ill
1548 4831 1623 4906 247,
1635 4835 1666 4891 o.

343 4929 394 4988 rr·
408 4929 482 4989 932.
504 4932 590 4990 Ante
603 4930 650 4989 Bl.
665 4929 790 5006 φορτίον
809 4931 961 5006 probavit
980 4931 1094 5009 Cobet,
1113 4937 1269 4996 monente
1281 4935 1309 4994 N
1312 4934 1440 5009 suello,
1454 4933 1508 5007 qui
1521 4931 1575 4992 cll.
1590 4932 1667 4993 Eur.

387 5031 482 5092 Herc.
507 5033 571 5093 638
596 5035 627 5091 et
660 5031 748 5091 Sent.
774 5035 857 5107 sept.
881 5048 949 5106 sap.
978 5034 1039 5094 188
1067 5033 1235 5113 βαρύτατόν
1258 5033 1336 5094 ἐστιν
1359 5031 1453 5112 άχθος
1476 5027 1640 5092 ἆπατδενσί
1661 5078 1667 5091 .
