3718 5788
845 535 906 595 153

253 720 468 793 usurparunt,
490 721 523 780 et
543 721 599 780 vix
611 720 702 781 locus
715 723 766 782 est
785 721 942 796 optativo.
964 721 1034 781 Hoc
1047 735 1150 779 unum
1170 715 1313 792 ambigo,
1330 717 1442 775 utrum
1455 712 1534 772 δοκῶ

253 840 282 876 τι
313 833 350 878 6ο
382 835 479 892 quem
506 821 650 882 indicavi
680 837 782 883 sensu
806 822 1033 897 corrigendum
1058 821 1103 881 sit
1125 835 1166 879 an
1190 817 1267 891 δόξω
1291 840 1317 877 τι
1341 832 1415 878 cum
1440 817 1533 890 Blay·

255 919 360 994 desio,
397 921 481 994 quod
512 923 541 982 si
571 923 837 1000 praeferendum,
869 928 961 999 pater
990 922 1072 983 nihil
1094 923 1173 983 dum
1196 919 1263 981 tale
1285 920 1452 993 innuerat,
1477 918 1534 978 sed

257 1019 316 1080 filii
344 1022 503 1082 orationis
531 1024 614 1084 haec
644 1027 696 1085 est
725 1026 937 1101 introductio,
975 1038 1097 1099 proque
1119 1037 1159 1083 ea
1194 1021 1393 1082 correctione
1427 1019 1535 1093 magis

257 1121 382 1183 militat
403 1125 525 1185 tradita
547 1125 654 1187 lectio.

205 1223 265 1283 Fr.
290 1224 342 1300 95,
371 1226 398 1286 1.
423 1225 545 1302 κενοὺς,
568 1227 883 1304 disappoinbed.
908 1227 956 1288 Bl.

205 1323 265 1383 Fr.
290 1325 342 1400 96,
369 1326 399 1387 2.
429 1325 476 1387 De
507 1328 625 1388 vocula
654 1329 713 1401 πάξ
743 1343 831 1391 nunc
861 1329 900 1390 cf.
933 1329 1062 1390 lexicon
1094 1341 1207 1387 meum
1238 1323 1476 1399 suppletorium
1502 1326 1535 1383 et

258 1425 467 1488 dialecticum
490 1444 564 1504 pag.
590 1431 653 1490 621
679 1445 705 1490 6.
732 1446 762 1490 v.

205 1527 265 1586 Fr.
292 1529 365 1588 103.
390 1527 581 1609 ἰσχυρότατον
605 1534 731 1593 temere
754 1533 802 1593 Bl.
827 1532 873 1595 el.
899 1532 1000 1594 Kock.

206 1628 264 1689 Fr.
291 1631 363 1704 105,
390 1633 419 1691 2.
445 1628 639 1710 μετέστρεψεν
662 1649 795 1695 mecum
820 1635 918 1694 idern.

205 1730 264 1790 Fr.
291 1731 363 1806 107,
390 1733 418 1792 2.
448 1729 570 1812 ἐγχέασα
604 1735 705 1812 idem,
731 1735 804 1796 coll.
828 1733 992 1796 Xenarch.
1021 1734 1071 1808 10,
1100 1729 1534 1813 1.Ροο11111111111611611161161

258 1829 371 1908 Cobet,
396 1831 673 1913 Κοο1ὑνοχέωοα.

207 1931 262 1992 Fr.
291 1935 353 1993 110
389 1937 520 2011 propter
554 1937 621 2014 βιοῖ
649 1953 707 2013 pro
738 1939 772 2020 ζῇ
810 1941 899 1998 recte
929 1935 1105 1998 recentiori
1130 1936 1244 2010 poetae
1268 1933 1385 1995 tribuit
1407 1933 1534 2010 Nauck,

256 2036 424 2110 corrigens
448 2036 539 2115 ὅνπερ
561 2037 686 2116 αἱρεῖται
717 2039 915 2100 6110116666
938 2037 1006 2116 βίον
1031 2042 1099 2112 (pro
1122 2035 1244 2114 τρόπον)
1269 2050 1344 2096 611111
1368 2035 1537 2095 Menandri

257 2141 400 2198 monost.
426 2139 478 2200 65.

210 2237 264 2297 Fr.
292 2239 363 2299 112.
388 2240 436 2300 Bl.
467 2240 561 2326 κοίρῳ
588 2240 749 2321 λεγόμενον
780 2245 813 2303 61
837 2257 913 2303 eum
933 2241 1092 2302 Meinekio
1115 2237 1230 2316 ψεῦδος
1254 2236 1294 2310 εἰς
1317 2235 1421 2318 κέρδος
1444 2236 1535 2317 φέρει.

259 2339 381 2401 Versus
405 2342 463 2402 vix
485 2343 654 2404 sanabilis.

212 2441 265 2500 Fr.
293 2442 365 2502 120.
389 2443 481 2503 Idem
505 2442 601 2515 ὕπνος
625 2438 691 2521 ἐστ’,
716 2459 779 2518 quo
802 2459 903 2504 sensu
924 2444 1071 2518 quaeso?
1094 2443 1161 2503 Nec
1183 2444 1297 2502 tamen
1321 2442 1416 2517 plane
1439 2441 1534 2502 satis-

255 2541 380 2604 faciunt
402 2545 590 2620 propositae
614 2545 782 2620 hucusque
806 2546 1023 2607 coniecturae.

212 2643 265 2704 F'r.
293 2645 365 2706 121.
389 2646 533 2707 Barbare
557 2646 605 2707 Bl.
631 2644 742 2706 διένεεν
766 2662 823 2722 pro
848 2643 955 2706 διένειὶ

212 2747 265 2807 Fr.
293 2748 364 2808 124.
389 2746 511 2809 eontra
534 2749 697 2809 Kockium
719 2751 808 2810 recte
831 2751 945 2809 monet
964 2749 999 2810 0.
1014 2747 1149 2808 Orosius
1169 2763 1189 2808 a
1207 2747 1443 2808 recentioribus
1463 2761 1535 2808 con·

257 2848 349 2908 fundi
373 2849 519 2911 Hecaten
543 2854 576 2911 et
599 2851 751 2912 Dianam.

213 2948 265 3008 Fr.
293 2950 365 3026 126,
391 2951 421 3010 3.
445 2951 493 3012 Bi.
520 2953 574 3012 cit.
600 2953 762 3028 Theophr.
788 2951 883 3013 Char.
908 2951 995 3012 XVI.

212 3049 265 3110 Fr.
292 3050 364 3111 128.
389 3051 512 3113 Vocula
535 3050 584 3112 καὶ
609 3053 793 3114 minoribus
816 3054 937 3115 litteris
961 3052 1133 3114 scribenda
1156 3053 1285 3113 luisset.

213 3150 266 3211 F'r.
294 3153 366 3213 133.
535 3153 646 3234 γαστὴρ
671 3153 741 3214 ὅλον
764 3153 796 3214 τὸ
820 3163 916 3231 σῶμα,
938 3162 1075 3236 πανταχῇ
1098 3149 1217 3231 βλέπων

532 3251 705 3332 ὀφθαλμός,
728 3253 850 3334 ἕρπον
873 3261 955 3326 τοῖς
981 3251 1122 3314 ὀδοῦσι
1145 3252 1268 3332 θηρίον.

259 3353 386 3416 Ultima
419 3357 519 3416 verba
553 3372 618 3417 non
649 3357 818 3433 intellego,
852 3371 930 3417 nam
964 3356 1016 3416 vel
1047 3355 1075 3414 si
1099 3356 1237 3431 cogitari
1260 3357 1372 3430 posset
1395 3355 1537 3415 bestia

211 3454 221 3474 '
259 3455 458 3516 dentibus
492 3473 656 3535 repens,
692 3474 757 3519 non
794 3459 888 3519 video
923 3473 986 3532 quo
1021 3460 1117 3533 pacto
1152 3473 1191 3518 ea
1222 3457 1331 3532 imago
1362 3457 1537 3518 conveniat

256 3556 420 3632 parasitis.
449 3557 553 3632 Quare
584 3560 696 3620 nullus
719 3560 832 3621 dubito
856 3560 933 3634 quin
957 3562 1145 3620 monstrum
1168 3561 1222 3621 hio
1244 3559 1364 3621 alatur.
1389 3557 1538 3634 Cogitavi

259 3658 298 3718 de
325 3660 511 3733 reponendo
535 3658 712 3736 ἔμπλεων
735 3657 925 3738 ὀδόντων,
948 3662 1004 3722 sed
1028 3661 1133 3721 nimia
1156 3677 1195 3722 ea
1217 3662 1301 3723 foret
1324 3662 1479 3737 mutatio,
1503 3663 1537 3721 et

259 3759 366 3834 magis
396 3761 498 3820 etiam
528 3762 673 3837 placeret
703 3763 903 3824 dentibus
930 3763 1132 3823 frendens
1157 3763 1331 3839 animal,
1356 3763 1441 3838 quod
1464 3777 1535 3823 con·

258 3861 385 3921 iectura
408 3862 585 3924 restituere
608 3879 743 3938 nequeo.

215 3961 265 4021 Fr.
295 3963 367 4036 134,
395 3964 422 4022 1.
447 3963 495 4023 Bl.
525 3963 636 4044 (γὰρ)
664 3963 740 4026 ἔνιοι
762 3968 821 4028 6111
843 3962 920 4024 ἔνιοί
945 3977 1048 4044 <ys>.

217 4063 265 4124 er.
294 4063 367 4137 135,
393 4063 423 4124 2.
458 4064 657 4140 Suspectum
690 4067 803 4144 πάσης,
837 4082 901 4141 quo
936 4067 1043 4128 deleto
1079 4068 1127 4129 Bi.
1152 4083 1218 4129 non
1253 4068 1340 4130 male
1373 4068 1413 4129 ab
1444 4067 1537 4129 initio

258 4163 390 4239 supplet
413 4157 509 4238 οὗτος.
533 4167 646 4229 Possis
670 4169 772 4230 etiarn
795 4166 830 4227 τὰ
853 4164 940 4246 πρῶτ’
970 4165 1155 4240 (ἐκεῖνος).

214 4265 264 4326 Fr.
294 4265 366 4341 138,
392 4267 419 4326 l.
444 4266 506 4328 Pro
527 4268 601 4330 διότι
624 4270 672 4331 Bl.
697 4269 747 4330 δεῖ
764 4268 820 4348 γὰρ
845 4270 898 4331 vel
921 4268 977 4348 χρὴ
1001 4267 1057 4350 γὰρ
1082 4271 1134 4332 vel
1157 4271 1260 4350 χρεών.
