3718 5788
923 452 985 510 188

331 641 500 712 Eripere
534 650 593 698 aut
627 641 845 712 surripere
879 638 1004 712 aliquid
1037 640 1136 700 alicui
1172 640 1298 699 Graece
1334 645 1488 713 περισπᾶν
1526 637 1639 696 dicere

331 756 426 815 posse
456 755 529 798 cras
559 741 706 810 crelam,
745 740 931 811 baereoque
962 741 1133 814 imprimis
1164 741 1199 800 in
1231 739 1498 816 praepositione,
1533 755 1636 812 quarn

332 843 469 900 minime
491 851 603 898 tuetur
627 842 717 898 verbi
740 839 936 916 περιτρώγειν
960 855 1043 900 usus
1063 843 1120 901 Ar.
1141 843 1225 902 Acb.
1249 843 1326 902 270.
1349 841 1448 915 vesp.
1464 841 1544 900 396.
1559 841 1636 914 eta,

333 943 365 1000 in
396 957 458 1014 quo
489 943 560 999 eius
592 942 642 998 vis
672 943 757 1018 sutis
788 941 912 1012 elucet;
944 957 1023 1000 nant
1048 945 1249 1016 expectatur
1272 941 1334 1002 ἀπό
1359 941 1413 1002 vel
1438 941 1540 1018 παρά,
1564 945 1637 1015 aut,

333 1045 360 1102 si
395 1043 434 1100 de
465 1042 669 1100 clandestino
701 1043 789 1100 furto
821 1041 996 1114 agebatur,
1028 1039 1097 1100 incl.
1129 1042 1220 1116 Quod
1252 1043 1404 1102 sensisse
1429 1043 1565 1102 videtur
1588 1041 1636 1100 Bl.

335 1148 420 1203 laste
455 1144 632 1202 violentias
662 1154 798 1202 tentans
828 1141 920 1200 οἴεται
942 1141 947 1218 Ι
972 1141 1296 1218 ι’·ραρπάαεσθαι.
1326 1144 1487 1204 Fortasse
1512 1141 1638 1202 sufficit

335 1267 425 1304 oum
446 1266 450 1315 ξ
475 1259 721 1302 ΜΗΙΗΞΗ
744 1263 802 1302 m.

294 1351 344 1410 Fr.
369 1349 421 1420 ²25,
446 1347 476 1404 3.
578 1341 627 1403 ιαί
651 1342 703 1415 τὰς
726 1341 845 1420 ἑταίρας
869 1341 1099 1422 εἰσαγαγὼν
1125 1354 1159 1427 τῇ
1183 1341 1340 1428 παρθένῳ.

339 1451 477 1522 aequiro
507 1445 704 1524 ,προσαγαγὼν
738 1451 795 1505 aut
819 1461 896 1505 cum
921 1446 1050 1505 Nubere
1071 1443 1241 1525 ἐπαγαγὼν.
1268 1480 1308 1489 -
1334 1447 1391 1506 Vs.
1420 1448 1450 1506 7.
1473 1443 1560 1506 ταυτί
1579 1462 1637 1522 pro

338 1559 429 1610 taem
454 1549 569 1609 malim
593 1564 668 1608 cum
694 1547 743 1606 Bl.

297 1657 346 1716 Fr.
372 1654 424 1724 26,
454 1657 480 1710 1.
511 1649 631 1728 λέγοντά
663 1644 715 1708 (α’
746 1646 793 1724 ᾗ)
821 1654 912 1708 recte
945 1648 1050 1722 Kock,
1085 1665 1146 1708 nec
1177 1665 1261 1724 opus
1293 1653 1346 1710 est
1378 1650 1509 1726 dativo,
1538 1666 1638 1725 quem

340 1755 475 1828 requirit
499 1754 547 1813 Bl.
572 1753 739 1813 coniciens
762 1749 874 1828 lipom
900 1767 956 1809 σοι.
980 1750 1053 1810 viu.
1075 1765 1106 1810 ν.
1121 1767 1148 1810 c.
1162 1751 1329 1812 Xenarchi
1351 1751 1391 1810 ir.
1406 1751 1455 1810 ΙΙΙ
1469 1753 1536 1811 617
1551 1754 1592 1826 tl,
1607 1753 1639 1818 7)

343 1858 382 1918 Μ.
406 1846 449 1914 ὧν
479 1854 558 1914 ἔστιν
582 1852 776 1925 ἒιίεξάοενον
800 1886 839 1895 -
859 1850 900 1926 μὴ
925 1851 1054 1926 κλίμακα
1078 1851 1269 1928 στησάμενον
1293 1852 1435 1930 εἰσβῆναι
1459 1851 1578 1934 λάθρᾳ,
1603 1857 1640 1911 ut

343 1975 406 2020 uno
435 1959 475 2018 de
503 1959 618 2018 multis
641 1957 800 2029 deiungm
824 1954 988 2027 exemplis
1019 1953 1120 2012 buius
1143 1957 1342 2014 structurae.
1368 1953 1481 2013 Etiam
1507 1970 1555 2013 σοι
1579 1955 1637 2014 mi-

344 2077 407 2122 nus
430 2059 595 2136 probabile
619 2066 669 2116 est
693 2073 793 2130 quam
817 2049 844 2112 α’
873 2051 889 2131 ἢ
914 2054 1187 2129 supplementum
1215 2070 1292 2114 cum
1317 2057 1453 2130 propter
1476 2055 1542 2114 loci
1566 2069 1625 2114 sen

344 2165 498 2237 tentiam,
522 2163 671 2237 sequitur
695 2162 784 2220 enim
812 2157 956 2234 ἥμαρτον,
980 2159 1051 2216 tum
1077 2156 1118 2216 ob
1142 2155 1344 2216 mutationis
1368 2156 1581 2216 facilitatem.

303 2271 352 2330 Fr.
378 2267 430 2326 27.
454 2266 585 2340 Optime
616 2261 778 2323 Headlam
810 2265 909 2319 tuens
939 2257 1107 2318 Eustatbii
1138 2257 1318 2320 lectionem
1349 2255 1564 2335 ὑπερήφανοι,
1589 2273 1636 2316 vs.

349 2375 368 2433 3
394 2387 442 2443 sq.
467 2371 513 2429 sie
538 2365 727 2429 constituit:

615 2467 805 2542 ὑπερήφανοι
831 2457 896 2540 (γὼ
920 2455 974 2536 μὲν
997 2457 1054 2537 γὰρ
1079 2457 1199 2536 ἐξέστην
1223 2459 1308 2531 ἰδὼν)

616 2577 760 2644 κρατῆρες
782 2564 922 2642 ὀρροροί,
943 2562 1029 2620 κάδοι
1054 2562 1172 2636 μείζους
1195 2559 1279 2636 ἐμοῦ.

351 2680 406 2738 l's.
434 2679 461 2741 l.
497 2673 651 2748 quidquid
684 2671 761 2730 dicit
797 2667 901 2738 Kock,
937 2663 1163 2724 necessarium
1198 2663 1305 2723 iudico
1341 2665 1491 2722 veterem
1528 2677 1639 2722 meam

351 2779 587 2842 correctionem
618 2771 656 2831 ἱίν
680 2768 767 2846 (εἴ.
790 2766 839 2831 ἂν)
871 2783 928 2841 pro
961 2761 1000 2822 ῖιν
1033 2761 1179 2839 (εέἀν),
1209 2777 1293 2836 quae
1317 2763 1420 2824 etiam
1446 2765 1544 2824 unice
1568 2778 1639 2823 con·

353 2883 442 2944 veuit
458 2877 679 2940 emendationi
702 2871 969 2934 Heedlamianae.
985 2867 1092 2928 Aliter
1104 2866 1162 2925 sed
1177 2865 1288 2925 minus
1300 2869 1390 2925 recte
1403 2865 1465 2926 hoc
1479 2867 1642 2940 fragmen·

355 2992 425 3046 tum
450 2983 605 3043 tractarit
630 2979 678 3040 Bl.
702 2994 731 3052 p.
756 2978 832 3036 216.

313 3093 363 3151 Fr.
389 3091 441 3146 31.
576 3077 840 3157 ἀποστρεφομένης
863 3073 917 3150 τὴν
941 3068 1123 3148 κορυφὴν
1146 3073 1243 3145 φιλεῖς
1266 3067 1358 3144 μόλις.

356 3193 446 3252 ticet
471 3183 647 3260 κεφαλὴν
679 3186 902 3256 expectarem,
928 3175 1011 3234 nibil
1034 3187 1157 3233 novare
1177 3171 1295 3231 ausim.
1321 3169 1449 3230 Saltem
1470 3167 1641 3229 locusnon

356 3299 407 3355 est
431 3290 594 3351 violentae
618 3283 784 3358 Blaydesii
808 3281 1014 3341 coniecturae
1039 3269 1305 3349 ἀναστρεφομένην
1328 3266 1383 3345 τὴν
1406 3266 1564 3347 Γλυκέραν
1587 3266 1641 3328 uti.

358 3397 407 3457 Ad
449 3393 639 3468 genetivum
683 3384 844 3460 participii
888 3378 1059 3440 commode
1093 3375 1265 3451 suppletur
1300 3370 1393 3448 αὐτῆς
1428 3374 1487 3432 aut
1523 3385 1641 3431 nomeu

358 3498 520 3570 mulieriS,
544 3496 583 3555 de
607 3507 670 3565 trun
693 3503 802 3548 sermo
827 3486 888 3544 tuit
912 3484 944 3542 in
969 3479 1184 3556 praegressis

316 3647 510 3734 liegeslppi
533 3648 571 3708 ir.
599 3648 626 3720 1,
653 3645 682 3702 2.
707 3641 844 3700 Temere
868 3637 916 3696 Bl.
942 3637 1072 3708 propter
1098 3627 1260 3690 Athenaei
1285 3625 1386 3685 verba
1404 3623 1453 3682 IX
1477 3623 1583 3683 4051)
1607 3621 1643 3680 σὺ

361 3745 417 3814 οὖν
447 3753 527 3831 δρῶν
558 3773 583 3807 τι
614 3745 728 3822 φαίνου
758 3737 864 3798 κοινὸν
896 3738 1004 3798 muttit
1036 3733 1197 3808 optimam
1222 3728 1380 3788 librorum
1405 3725 1583 3785 lectionem
1608 3721 1644 3797 δὴ

362 3860 395 3918 in
425 3847 481 3915 οὖν
506 3854 556 3914 vel
582 3860 647 3910 νῦν.
679 3848 743 3906 Nec
776 3860 823 3903 vs.
849 3844 867 3902 3
901 3855 975 3900 eum
1007 3838 1121 3897 eodem
1147 3831 1294 3909 praefero
1317 3821 1398 3888 κόπτ’
1424 3823 1475 3902 ἐμέ
1495 3829 1644 3900 receptae

361 3958 493 4019 lectioni
517 3955 604 4014 adm
628 3973 677 4028 με,
699 3949 775 4022 quia
801 3945 891 4004 nulla
915 3944 966 4002 cst
990 3941 1022 3999 in
1047 3934 1240 4013 pronomine
1265 3929 1443 4006 emphasis.
1461 3962 1499 3971 -
1516 3927 1572 3988 Vs.
1594 3929 1644 3986 25.

364 4063 463 4121 Recte
493 4060 671 4119 observans
702 4049 869 4125 ἑστήξειοο)
901 4059 973 4104 esse
1010 4037 1280 4112 antiquissimum
1315 4032 1413 4091 buius
1448 4028 1645 4090 hellenistici

365 4180 444 4223 usus
467 4160 656 4235 exemplum
681 4170 737 4230 pro
764 4149 889 4226 ἑστήξει,
917 4148 963 4206 Bl.
989 4148 1103 4204 tamen
1127 4138 1292 4200 abstinere
1315 4148 1380 4194 non
1404 4132 1510 4206 potuit
1536 4146 1555 4190 a
1579 4144 1644 4205 pro·

365 4265 512 4342 ponendo
542 4259 677 4337 ἕστηκεν,
710 4253 795 4330 quod
827 4251 931 4312 multo
967 4247 1078 4307 minus
1114 4245 1227 4316 aptum
1258 4253 1332 4297 esse
1362 4249 1461 4308 quam
1498 4233 1646 4292 futurum

366 4372 468 4431 latere
502 4367 615 4440 nequit
649 4376 726 4422 eum
760 4356 814 4431 qui
851 4352 961 4429 paullo
996 4345 1186 4421 diligentius
1228 4339 1345 4414 legerit
1378 4351 1445 4395 ves,
1480 4349 1645 4409 praegres·

366 4488 421 4533 sos
446 4472 487 4529 20
511 4485 580 4542 sqq.
607 4500 646 4509 —
673 4463 727 4522 Vs.
753 4461 804 4518 29.
837 4458 943 4515 Tueor
976 4454 1123 4511 veterem
1155 4442 1357 4505 sententiam
1381 4445 1440 4496 τῶν
1463 4431 1647 4512 καθημένων

368 4575 407 4634 de
442 4574 521 4646 ipsis
555 4561 877 4644 spectatoribus
919 4550 1177 4626 intellegendum
1213 4559 1285 4606 esse
1321 4545 1355 4602 et
1389 4538 1542 4598 inutilem
1578 4550 1647 4596 esse

369 4675 518 4736 Meinekii
548 4671 771 4731 coniecturam
795 4659 997 4738 κεκλημένον,
1027 4652 1180 4728 quamvis
1212 4647 1341 4722 placeat
1372 4640 1559 4715 Blaydesio,
1592 4653 1648 4698 nec

369 4777 504 4854 probare
527 4788 664 4850 possum
688 4767 801 4830 Kockii
826 4758 1143 4838 interpretationem.

328 4883 377 4943 Fr.
404 4881 433 4955 2,
460 4879 488 4937 3.
512 4874 544 4934 τὸ
570 4907 609 4918 -
636 4869 760 4948 ζητητὸν
784 4882 840 4942 pro
867 4860 883 4923 ὃ
909 4897 949 4908 -
973 4863 1118 4936 ζητοῦμεν
1142 4857 1267 4913 temere
1291 4849 1338 4909 Bi.

328 5027 506 5113 Sosipatl'l
530 5027 568 5088 fr.
598 5026 625 5100 1,
652 5025 681 5082 2.
706 5015 744 5078 lv
768 5012 963 5095 κατανοήσῃς.
988 5009 1037 5069 Bl.
1062 5003 1099 5064 ἂν
1124 5001 1268 5083 ἐννοήσῃς
1293 4997 1345 5058 vel
1368 4992 1406 5054 ἂν
1430 4984 1463 5055 εὖ
1484 5001 1582 5072 σκοπῇ
1601 5011 1649 5061 τις.
