<?xml version="1.0" encoding="UTF-8"?>
<!DOCTYPE html PUBLIC "-//W3C//DTD XHTML 1.0 Transitional//EN"
    "http://www.w3.org/TR/xhtml1/DTD/xhtml1-transitional.dtd">
<html xmlns="http://www.w3.org/1999/xhtml" xml:lang="en" lang="en">
 <head>
  <title>
</title>
<meta http-equiv="Content-Type" content="text/html;charset=utf-8" />
  <meta name='ocr-system' content='tesseract 3.04.00' />
  <meta name='ocr-capabilities' content='ocr_page ocr_carea ocr_par ocr_line ocrx_word'/>
</head>
<body>
  <div class='ocr_page' id='page_1' title='image "./collectaneacrit00kockgoog_0125.png"; bbox 0 0 3748 5792; ppageno 0'>
   <div class='ocr_carea' id='block_1_1' title="bbox 968 495 1032 556">
    <p class='ocr_par' dir='ltr' id='par_1_1' title="bbox 968 495 1032 556">
     <span class='ocr_line' id='line_1_1' title="bbox 968 495 1032 556; baseline -0.016 0"><span class='ocrx_word' id='word_1_1' title='bbox 968 495 1032 556; x_wconf 91' lang='grc'>110</span> 
     </span>
    </p>
   </div>
   <div class='ocr_carea' id='block_1_2' title="bbox 339 675 1663 1673">
    <p class='ocr_par' dir='ltr' id='par_1_2' title="bbox 339 675 1657 760">
     <span class='ocr_line' id='line_1_2' title="bbox 339 675 1657 760; baseline -0.001 -18"><span class='ocrx_word' id='word_1_2' title='bbox 339 681 391 742; x_wconf 90' lang='lat' dir='ltr'>Fr.</span> <span class='ocrx_word' id='word_1_3' title='bbox 417 681 469 741; x_wconf 83' lang='lat'>12.</span> <span class='ocrx_word' id='word_1_4' title='bbox 494 678 601 740; x_wconf 82' lang='lat' dir='ltr'>Schol.</span> <span class='ocrx_word' id='word_1_5' title='bbox 621 677 703 739; x_wconf 78' lang='lat' dir='ltr'>Fen.</span> <span class='ocrx_word' id='word_1_6' title='bbox 722 679 784 739; x_wconf 81' lang='lat' dir='ltr'>Av.</span> <span class='ocrx_word' id='word_1_7' title='bbox 800 680 885 740; x_wconf 80' lang='lat'>1047</span> <span class='ocrx_word' id='word_1_8' title='bbox 905 675 1087 758; x_wconf 79' lang='grc' dir='ltr'><strong><em>ἐνεχομένων</em></strong></span> <span class='ocrx_word' id='word_1_9' title='bbox 1104 694 1163 756; x_wconf 91' lang='lat' dir='ltr'>pro</span> <span class='ocrx_word' id='word_1_10' title='bbox 1182 675 1372 760; x_wconf 78' lang='grc' dir='ltr'><strong><em>ένοιγομένων</em></strong></span> <span class='ocrx_word' id='word_1_11' title='bbox 1387 678 1657 741; x_wconf 87' lang='lat' dir='ltr'>recteHoadlam.</span> 
     </span>
    </p>

    <p class='ocr_par' dir='ltr' id='par_1_3' title="bbox 341 777 1663 1265">
     <span class='ocr_line' id='line_1_3' title="bbox 341 777 1663 861; baseline -0.002 -17"><span class='ocrx_word' id='word_1_12' title='bbox 341 783 393 844; x_wconf 81' lang='lat' dir='ltr'>Fr.</span> <span class='ocrx_word' id='word_1_13' title='bbox 420 782 469 858; x_wconf 82' lang='grc'><strong>13,</strong></span> <span class='ocrx_word' id='word_1_14' title='bbox 495 780 525 840; x_wconf 82' lang='grc'><strong>4.</strong></span> <span class='ocrx_word' id='word_1_15' title='bbox 562 777 598 839; x_wconf 75' lang='grc' dir='ltr'><strong><em>οὗ</em></strong></span> <span class='ocrx_word' id='word_1_16' title='bbox 632 777 688 859; x_wconf 80' lang='grc' dir='ltr'>γὰρ</span> <span class='ocrx_word' id='word_1_17' title='bbox 718 777 825 840; x_wconf 77' lang='grc' dir='ltr'><strong><em>θανὼν</em></strong></span> <span class='ocrx_word' id='word_1_18' title='bbox 858 783 913 858; x_wconf 84' lang='grc' dir='ltr'><strong>[γε]</strong></span> <span class='ocrx_word' id='word_1_19' title='bbox 946 779 1106 856; x_wconf 75' lang='grc' dir='ltr'><strong><em>δήπουθεν</em></strong></span> <span class='ocrx_word' id='word_1_20' title='bbox 1135 777 1256 860; x_wconf 70' lang='grc' dir='ltr'><strong><em>ἔγχελυν</em></strong></span> <span class='ocrx_word' id='word_1_21' title='bbox 1285 779 1409 861; x_wconf 76' lang='grc' dir='ltr'><strong><em>φάγοις,</em></strong></span> <span class='ocrx_word' id='word_1_22' title='bbox 1440 777 1497 840; x_wconf 64' lang='lat' dir='ltr'>arf.</span> <span class='ocrx_word' id='word_1_23' title='bbox 1527 780 1663 842; x_wconf 76' lang='lat' dir='ltr'>Dindorf</span> 
     </span>
     <span class='ocr_line' id='line_1_4' title="bbox 386 876 1659 962; baseline -0.004 -17"><span class='ocrx_word' id='word_1_24' title='bbox 386 882 441 945; x_wconf 81' lang='lat' dir='ltr'>oda</span> <span class='ocrx_word' id='word_1_25' title='bbox 471 879 524 958; x_wconf 75' lang='lat' dir='ltr'>dv,</span> <span class='ocrx_word' id='word_1_26' title='bbox 553 880 611 943; x_wconf 86' lang='lat' dir='ltr'>sed</span> <span class='ocrx_word' id='word_1_27' title='bbox 640 878 696 961; x_wconf 80' lang='grc' dir='ltr'>γὰρ</span> <span class='ocrx_word' id='word_1_28' title='bbox 726 881 784 942; x_wconf 86' lang='lat' dir='ltr'>vix</span> <span class='ocrx_word' id='word_1_29' title='bbox 814 882 921 956; x_wconf 86' lang='lat' dir='ltr'>potuit</span> <span class='ocrx_word' id='word_1_30' title='bbox 951 883 1070 944; x_wconf 89' lang='lat' dir='ltr'>omitti.</span> <span class='ocrx_word' id='word_1_31' title='bbox 1099 882 1187 944; x_wconf 90' lang='lat' dir='ltr'>Num</span> <span class='ocrx_word' id='word_1_32' title='bbox 1214 876 1382 960; x_wconf 60' lang='grc' dir='ltr'><strong><em>δήποθ’</em></strong></span> <span class='ocrx_word' id='word_1_33' title='bbox 1408 877 1549 943; x_wconf 77' lang='grc' dir='ltr'><strong>1ν1Β1.</strong></span> <span class='ocrx_word' id='word_1_34' title='bbox 1574 876 1598 962; x_wconf 85' lang='grc' dir='ltr'>ρ’</span> <span class='ocrx_word' id='word_1_35' title='bbox 1623 878 1659 941; x_wconf 79' lang='grc' dir='ltr'>ἂν</span> 
     </span>
     <span class='ocr_line' id='line_1_5' title="bbox 384 979 1658 1064; baseline -0.002 -16"><span class='ocrx_word' id='word_1_36' title='bbox 384 979 494 1063; x_wconf 77' lang='grc' dir='ltr'><strong><em>οὐδέν’,</em></strong></span> <span class='ocrx_word' id='word_1_37' title='bbox 522 985 606 1059; x_wconf 90' lang='lat' dir='ltr'>quod</span> <span class='ocrx_word' id='word_1_38' title='bbox 636 988 751 1045; x_wconf 88' lang='lat' dir='ltr'>onerat</span> <span class='ocrx_word' id='word_1_39' title='bbox 781 985 998 1062; x_wconf 83' lang='lat' dir='ltr'><strong>sententiam,</strong></span> <span class='ocrx_word' id='word_1_40' title='bbox 1023 988 1080 1046; x_wconf 91' lang='lat' dir='ltr'>aut</span> <span class='ocrx_word' id='word_1_41' title='bbox 1103 1005 1135 1064; x_wconf 81' lang='grc' dir='ltr'>χε</span> <span class='ocrx_word' id='word_1_42' title='bbox 1158 982 1197 1062; x_wconf 79' lang='grc' dir='ltr'>δή</span> <span class='ocrx_word' id='word_1_43' title='bbox 1219 1006 1263 1056; x_wconf 80' lang='grc' dir='ltr'>τις</span> <span class='ocrx_word' id='word_1_44' title='bbox 1287 1018 1327 1028; x_wconf 96' lang='grc'><strong>-</strong></span> <span class='ocrx_word' id='word_1_45' title='bbox 1352 984 1444 1064; x_wconf 73' lang='grc' dir='ltr'><strong><em>φάγοι</em></strong></span> <span class='ocrx_word' id='word_1_46' title='bbox 1474 984 1575 1045; x_wconf 88' lang='lat' dir='ltr'>nimis</span> <span class='ocrx_word' id='word_1_47' title='bbox 1597 985 1658 1046; x_wconf 88' lang='lat' dir='ltr'>vio·</span> 
     </span>
     <span class='ocr_line' id='line_1_6' title="bbox 384 1085 1658 1164; baseline -0.002 -15"><span class='ocrx_word' id='word_1_48' title='bbox 384 1089 500 1151; x_wconf 89' lang='lat' dir='ltr'>lenter.</span> <span class='ocrx_word' id='word_1_49' title='bbox 531 1085 649 1146; x_wconf 80' lang='lat' dir='ltr'>Melius</span> <span class='ocrx_word' id='word_1_50' title='bbox 680 1085 771 1146; x_wconf 81' lang='lat' dir='ltr'>Kock</span> <span class='ocrx_word' id='word_1_51' title='bbox 802 1107 833 1164; x_wconf 75' lang='grc' dir='ltr'>γε</span> <span class='ocrx_word' id='word_1_52' title='bbox 865 1085 975 1164; x_wconf 75' lang='grc' dir='ltr'><strong><em>δῆθεν,</em></strong></span> <span class='ocrx_word' id='word_1_53' title='bbox 1005 1088 1035 1147; x_wconf 90' lang='lat' dir='ltr'>si</span> <span class='ocrx_word' id='word_1_54' title='bbox 1058 1087 1183 1149; x_wconf 86' lang='lat' dir='ltr'>ironica</span> <span class='ocrx_word' id='word_1_55' title='bbox 1205 1086 1368 1161; x_wconf 89' lang='lat' dir='ltr'>particula</span> <span class='ocrx_word' id='word_1_56' title='bbox 1390 1090 1442 1147; x_wconf 85' lang='lat' dir='ltr'>est</span> <span class='ocrx_word' id='word_1_57' title='bbox 1464 1087 1563 1146; x_wconf 91' lang='lat' dir='ltr'>huius</span> <span class='ocrx_word' id='word_1_58' title='bbox 1585 1086 1658 1162; x_wconf 92' lang='lat' dir='ltr'>loci,</span> 
     </span>
     <span class='ocr_line' id='line_1_7' title="bbox 382 1187 1658 1265; baseline -0.004 -13"><span class='ocrx_word' id='word_1_59' title='bbox 382 1191 439 1252; x_wconf 89' lang='lat' dir='ltr'>sed</span> <span class='ocrx_word' id='word_1_60' title='bbox 460 1191 507 1250; x_wconf 91' lang='lat' dir='ltr'>ita</span> <span class='ocrx_word' id='word_1_61' title='bbox 525 1187 624 1249; x_wconf 91' lang='lat' dir='ltr'>simul</span> <span class='ocrx_word' id='word_1_62' title='bbox 643 1189 832 1248; x_wconf 87' lang='lat' dir='ltr'>necessaria</span> <span class='ocrx_word' id='word_1_63' title='bbox 852 1191 903 1248; x_wconf 87' lang='lat' dir='ltr'>ost</span> <span class='ocrx_word' id='word_1_64' title='bbox 922 1192 1079 1265; x_wconf 88' lang='lat' dir='ltr'>suspecta</span> <span class='ocrx_word' id='word_1_65' title='bbox 1097 1188 1254 1251; x_wconf 90' lang='lat' dir='ltr'>Dindorfli</span> <span class='ocrx_word' id='word_1_66' title='bbox 1275 1191 1472 1251; x_wconf 88' lang='lat' dir='ltr'>coniectura.</span> <span class='ocrx_word' id='word_1_67' title='bbox 1492 1189 1658 1264; x_wconf 85' lang='lat' dir='ltr'>Suspicor:</span> 
     </span>
    </p>

    <p class='ocr_par' dir='ltr' id='par_1_4' title="bbox 607 1284 1368 1372">
     <span class='ocr_line' id='line_1_8' title="bbox 607 1284 1368 1372; baseline 0 -23"><span class='ocrx_word' id='word_1_68' title='bbox 607 1287 644 1349; x_wconf 79' lang='grc' dir='ltr'><strong><em>οὐ</em></strong></span> <span class='ocrx_word' id='word_1_69' title='bbox 667 1287 723 1369; x_wconf 81' lang='grc' dir='ltr'>γὰρ</span> <span class='ocrx_word' id='word_1_70' title='bbox 747 1288 854 1348; x_wconf 73' lang='grc' dir='ltr'><strong><em>θανών</em></strong></span> <span class='ocrx_word' id='word_1_71' title='bbox 877 1311 908 1370; x_wconf 82' lang='grc' dir='ltr'>χε</span> <span class='ocrx_word' id='word_1_72' title='bbox 933 1284 1008 1368; x_wconf 80' lang='grc' dir='ltr'><em>δῆτ’</em></span> <span class='ocrx_word' id='word_1_73' title='bbox 1035 1286 1081 1349; x_wconf 70' lang='grc' dir='ltr'>ἂν</span> <span class='ocrx_word' id='word_1_74' title='bbox 1105 1289 1226 1371; x_wconf 82' lang='grc' dir='ltr'><strong><em>έγχελνν</em></strong></span> <span class='ocrx_word' id='word_1_75' title='bbox 1250 1290 1368 1372; x_wconf 81' lang='grc' dir='ltr'><strong><em>φάγοις.</em></strong></span> 
     </span>
    </p>

    <p class='ocr_par' dir='ltr' id='par_1_5' title="bbox 340 1390 1663 1556">
     <span class='ocr_line' id='line_1_9' title="bbox 340 1390 1663 1471; baseline -0.002 -16"><span class='ocrx_word' id='word_1_76' title='bbox 340 1395 392 1455; x_wconf 89' lang='lat' dir='ltr'>Fr.</span> <span class='ocrx_word' id='word_1_77' title='bbox 419 1395 470 1453; x_wconf 89' lang='lat'>16.</span> <span class='ocrx_word' id='word_1_78' title='bbox 502 1390 635 1451; x_wconf 79' lang='grc' dir='ltr'><strong><em>δοκεῖσον</em></strong></span> <span class='ocrx_word' id='word_1_79' title='bbox 663 1406 721 1466; x_wconf 93' lang='lat' dir='ltr'>pro</span> <span class='ocrx_word' id='word_1_80' title='bbox 753 1390 839 1452; x_wconf 76' lang='grc' dir='ltr'><strong><em>δοκεῖ</em></strong></span> <span class='ocrx_word' id='word_1_81' title='bbox 856 1390 908 1452; x_wconf 81' lang='grc' dir='ltr'>τὸν</span> <span class='ocrx_word' id='word_1_82' title='bbox 935 1393 984 1453; x_wconf 88' lang='lat' dir='ltr'>Bl.</span> <span class='ocrx_word' id='word_1_83' title='bbox 1008 1393 1169 1455; x_wconf 84' lang='lat' dir='ltr'>Neutrum</span> <span class='ocrx_word' id='word_1_84' title='bbox 1193 1394 1277 1456; x_wconf 89' lang='lat' dir='ltr'>satis</span> <span class='ocrx_word' id='word_1_85' title='bbox 1301 1392 1453 1471; x_wconf 85' lang='lat' dir='ltr'>expedio,</span> <span class='ocrx_word' id='word_1_86' title='bbox 1478 1408 1539 1454; x_wconf 89' lang='lat' dir='ltr'>neo</span> <span class='ocrx_word' id='word_1_87' title='bbox 1562 1407 1663 1468; x_wconf 89' lang='lat' dir='ltr'>pauca</span> 
     </span>
     <span class='ocr_line' id='line_1_10' title="bbox 383 1492 1141 1556; baseline 0.003 -2"><span class='ocrx_word' id='word_1_88' title='bbox 383 1493 483 1554; x_wconf 88' lang='lat' dir='ltr'>verba</span> <span class='ocrx_word' id='word_1_89' title='bbox 506 1495 630 1554; x_wconf 88' lang='lat' dir='ltr'>certam</span> <span class='ocrx_word' id='word_1_90' title='bbox 655 1492 923 1554; x_wconf 80' lang='lat' dir='ltr'>emendationem</span> <span class='ocrx_word' id='word_1_91' title='bbox 949 1495 1141 1556; x_wconf 88' lang='lat' dir='ltr'>admittunt.</span> 
     </span>
    </p>

    <p class='ocr_par' dir='ltr' id='par_1_6' title="bbox 340 1590 1209 1673">
     <span class='ocr_line' id='line_1_11' title="bbox 340 1590 1209 1673; baseline 0.001 -16"><span class='ocrx_word' id='word_1_92' title='bbox 340 1599 391 1658; x_wconf 88' lang='lat' dir='ltr'>Fr.</span> <span class='ocrx_word' id='word_1_93' title='bbox 419 1596 469 1672; x_wconf 87' lang='grc'>18,</span> <span class='ocrx_word' id='word_1_94' title='bbox 495 1597 525 1656; x_wconf 84' lang='lat' dir='ltr'>b.</span> <span class='ocrx_word' id='word_1_95' title='bbox 550 1591 650 1673; x_wconf 88' lang='grc' dir='ltr'><strong><em>χέουσι</em></strong></span> <span class='ocrx_word' id='word_1_96' title='bbox 672 1609 731 1669; x_wconf 93' lang='lat' dir='ltr'>pro</span> <span class='ocrx_word' id='word_1_97' title='bbox 754 1590 883 1673; x_wconf 84' lang='grc' dir='ltr'><strong><em>φέρουσι</em></strong></span> <span class='ocrx_word' id='word_1_98' title='bbox 906 1599 1032 1657; x_wconf 89' lang='lat' dir='ltr'>temere</span> <span class='ocrx_word' id='word_1_99' title='bbox 1055 1597 1209 1671; x_wconf 83' lang='lat' dir='ltr'>Elaydes.</span> 
     </span>
    </p>
   </div>
   <div class='ocr_carea' id='block_1_3' title="bbox 385 1695 1658 1875">
    <p class='ocr_par' dir='ltr' id='par_1_7' title="bbox 385 1695 1658 1875">
     <span class='ocr_line' id='line_1_12' title="bbox 426 1695 1658 1772; baseline -0.002 -14"><span class='ocrx_word' id='word_1_100' title='bbox 426 1698 575 1758; x_wconf 81' lang='lat' dir='ltr'>Incertae</span> <span class='ocrx_word' id='word_1_101' title='bbox 610 1695 698 1756; x_wconf 86' lang='lat' dir='ltr'>sedis</span> <span class='ocrx_word' id='word_1_102' title='bbox 732 1696 929 1772; x_wconf 81' lang='lat' dir='ltr'>fragmentis</span> <span class='ocrx_word' id='word_1_103' title='bbox 964 1712 982 1758; x_wconf 89' lang='lat' dir='ltr'>e</span> <span class='ocrx_word' id='word_1_104' title='bbox 1019 1697 1140 1759; x_wconf 82' lang='lat' dir='ltr'>Lexioo</span> <span class='ocrx_word' id='word_1_105' title='bbox 1182 1699 1366 1760; x_wconf 86' lang='lat' dir='ltr'>Sabbaitico</span> <span class='ocrx_word' id='word_1_106' title='bbox 1401 1700 1416 1759; x_wconf 93' lang='grc' dir='ltr'>Ι</span> <span class='ocrx_word' id='word_1_107' title='bbox 1450 1699 1491 1760; x_wconf 92' lang='grc'>10</span> <span class='ocrx_word' id='word_1_108' title='bbox 1523 1697 1658 1760; x_wconf 84' lang='lat' dir='ltr'>accessit</span> 
     </span>
     <span class='ocr_line' id='line_1_13' title="bbox 385 1794 995 1875; baseline -0.003 -17"><span class='ocrx_word' id='word_1_109' title='bbox 385 1796 612 1875; x_wconf 76' lang='grc' dir='ltr'><strong><em>αὐτόματος</em></strong></span> <span class='ocrx_word' id='word_1_110' title='bbox 635 1799 786 1873; x_wconf 78' lang='grc' dir='ltr'><strong><em>θηλυκῶς.</em></strong></span> <span class='ocrx_word' id='word_1_111' title='bbox 814 1794 995 1875; x_wconf 80' lang='grc' dir='ltr'><strong><em>Φιλέταιρος.</em></strong></span> 
     </span>
    </p>
   </div>
   <div class='ocr_carea' id='block_1_4' title="bbox 339 1998 1661 5126">
    <p class='ocr_par' dir='ltr' id='par_1_8' title="bbox 341 1998 1660 2268">
     <span class='ocr_line' id='line_1_14' title="bbox 341 1998 1660 2086; baseline -0.004 -19"><span class='ocrx_word' id='word_1_112' title='bbox 341 1999 530 2086; x_wconf 74' lang='lat' dir='ltr'>Amphidls</span> <span class='ocrx_word' id='word_1_113' title='bbox 553 2002 592 2063; x_wconf 84' lang='lat' dir='ltr'>ir.</span> <span class='ocrx_word' id='word_1_114' title='bbox 618 2003 648 2078; x_wconf 86' lang='lat'>9,</span> <span class='ocrx_word' id='word_1_115' title='bbox 674 2005 704 2062; x_wconf 87' lang='lat' dir='ltr'>b.</span> <span class='ocrx_word' id='word_1_116' title='bbox 730 2001 959 2062; x_wconf 81' lang='lat' dir='ltr'>Coniecturam</span> <span class='ocrx_word' id='word_1_117' title='bbox 983 2018 1094 2064; x_wconf 86' lang='lat' dir='ltr'>meam</span> <span class='ocrx_word' id='word_1_118' title='bbox 1118 1998 1274 2078; x_wconf 81' lang='grc' dir='ltr'><strong><em>νώνόμονο</em></strong></span> <span class='ocrx_word' id='word_1_119' title='bbox 1298 2003 1518 2078; x_wconf 83' lang='lat' dir='ltr'>improbatam</span> <span class='ocrx_word' id='word_1_120' title='bbox 1542 2003 1660 2064; x_wconf 77' lang='lat' dir='ltr'>Koclrio</span> 
     </span>
     <span class='ocr_line' id='line_1_15' title="bbox 384 2102 1660 2182; baseline -0.002 -17"><span class='ocrx_word' id='word_1_121' title='bbox 384 2105 501 2182; x_wconf 89' lang='lat' dir='ltr'>probat</span> <span class='ocrx_word' id='word_1_122' title='bbox 523 2104 571 2165; x_wconf 91' lang='lat' dir='ltr'>Bl.</span> <span class='ocrx_word' id='word_1_123' title='bbox 602 2103 684 2164; x_wconf 88' lang='lat' dir='ltr'>Uter</span> <span class='ocrx_word' id='word_1_124' title='bbox 714 2102 834 2164; x_wconf 85' lang='lat' dir='ltr'>melius</span> <span class='ocrx_word' id='word_1_125' title='bbox 863 2103 1061 2164; x_wconf 88' lang='lat' dir='ltr'>iudicaverit</span> <span class='ocrx_word' id='word_1_126' title='bbox 1091 2105 1174 2165; x_wconf 90' lang='lat' dir='ltr'>mihi</span> <span class='ocrx_word' id='word_1_127' title='bbox 1199 2105 1294 2166; x_wconf 92' lang='lat' dir='ltr'>bodie</span> <span class='ocrx_word' id='word_1_128' title='bbox 1317 2118 1382 2166; x_wconf 93' lang='lat' dir='ltr'>non</span> <span class='ocrx_word' id='word_1_129' title='bbox 1406 2105 1523 2180; x_wconf 88' lang='lat' dir='ltr'>liquet,</span> <span class='ocrx_word' id='word_1_130' title='bbox 1556 2106 1660 2178; x_wconf 88' lang='lat' dir='ltr'>itaque</span> 
     </span>
     <span class='ocr_line' id='line_1_16' title="bbox 384 2205 751 2268; baseline -0.003 -1"><span class='ocrx_word' id='word_1_131' title='bbox 384 2208 450 2268; x_wconf 90' lang='lat' dir='ltr'>lam</span> <span class='ocrx_word' id='word_1_132' title='bbox 476 2206 556 2266; x_wconf 88' lang='lat' dir='ltr'>nibil</span> <span class='ocrx_word' id='word_1_133' title='bbox 582 2205 751 2266; x_wconf 84' lang='lat' dir='ltr'>mutarim.</span> 
     </span>
    </p>

    <p class='ocr_par' dir='ltr' id='par_1_9' title="bbox 340 2301 1656 2484">
     <span class='ocr_line' id='line_1_17' title="bbox 340 2301 1656 2386; baseline -0.001 -17"><span class='ocrx_word' id='word_1_134' title='bbox 340 2309 390 2370; x_wconf 82' lang='lat' dir='ltr'>Fr.</span> <span class='ocrx_word' id='word_1_135' title='bbox 418 2307 468 2382; x_wconf 83' lang='lat'>10,</span> <span class='ocrx_word' id='word_1_136' title='bbox 495 2307 524 2367; x_wconf 82' lang='lat'>2.</span> <span class='ocrx_word' id='word_1_137' title='bbox 558 2306 670 2366; x_wconf 79' lang='lat' dir='ltr'>Nauck</span> <span class='ocrx_word' id='word_1_138' title='bbox 701 2307 872 2380; x_wconf 76' lang='lat' dir='ltr'>comparat</span> <span class='ocrx_word' id='word_1_139' title='bbox 899 2301 1100 2384; x_wconf 82' lang='grc' dir='ltr'><strong><em>ὄλβιοιλιιίμοον</em></strong></span> <span class='ocrx_word' id='word_1_140' title='bbox 1123 2309 1164 2377; x_wconf 88' lang='grc' dir='ltr'>(Γ</span> <span class='ocrx_word' id='word_1_141' title='bbox 1185 2309 1270 2386; x_wconf 88' lang='grc'><strong>182),</strong></span> <span class='ocrx_word' id='word_1_142' title='bbox 1293 2303 1471 2386; x_wconf 81' lang='grc' dir='ltr'><strong><em>ὀλβιόννφος</em></strong></span> <span class='ocrx_word' id='word_1_143' title='bbox 1496 2308 1587 2369; x_wconf 85' lang='lat' dir='ltr'>Bion.</span> <span class='ocrx_word' id='word_1_144' title='bbox 1611 2322 1656 2382; x_wconf 78' lang='lat' dir='ltr'>ap.</span> 
     </span>
     <span class='ocr_line' id='line_1_18' title="bbox 384 2405 1223 2484; baseline 0.002 -16"><span class='ocrx_word' id='word_1_145' title='bbox 384 2408 475 2483; x_wconf 84' lang='lat' dir='ltr'>Diog,</span> <span class='ocrx_word' id='word_1_146' title='bbox 501 2409 534 2468; x_wconf 87' lang='lat' dir='ltr'>L.</span> <span class='ocrx_word' id='word_1_147' title='bbox 560 2407 603 2466; x_wconf 92' lang='lat' dir='ltr'>IV</span> <span class='ocrx_word' id='word_1_148' title='bbox 627 2407 684 2484; x_wconf 84' lang='grc'><strong>52,</strong></span> <span class='ocrx_word' id='word_1_149' title='bbox 709 2405 922 2483; x_wconf 74' lang='grc' dir='ltr'><strong><em>κοιλιοδαίμων</em></strong></span> <span class='ocrx_word' id='word_1_150' title='bbox 945 2407 1058 2483; x_wconf 84' lang='lat' dir='ltr'>Eupol.</span> <span class='ocrx_word' id='word_1_151' title='bbox 1083 2409 1120 2469; x_wconf 83' lang='lat' dir='ltr'>fr.</span> <span class='ocrx_word' id='word_1_152' title='bbox 1150 2410 1223 2470; x_wconf 78' lang='grc'><strong>172.</strong></span> 
     </span>
    </p>

    <p class='ocr_par' dir='ltr' id='par_1_10' title="bbox 339 2505 1657 2672">
     <span class='ocr_line' id='line_1_19' title="bbox 339 2505 1657 2587; baseline -0.003 -16"><span class='ocrx_word' id='word_1_153' title='bbox 339 2512 391 2572; x_wconf 91' lang='lat' dir='ltr'>Fr.</span> <span class='ocrx_word' id='word_1_154' title='bbox 418 2513 468 2587; x_wconf 82' lang='lat' dir='ltr'>lb,</span> <span class='ocrx_word' id='word_1_155' title='bbox 494 2511 523 2570; x_wconf 84' lang='lat'>2.</span> <span class='ocrx_word' id='word_1_156' title='bbox 555 2505 669 2586; x_wconf 79' lang='grc' dir='ltr'><strong><em>ὡραίου</em></strong></span> <span class='ocrx_word' id='word_1_157' title='bbox 700 2507 790 2583; x_wconf 83' lang='grc' dir='ltr'><strong><em>φίλων</em></strong></span> <span class='ocrx_word' id='word_1_158' title='bbox 821 2508 870 2569; x_wconf 90' lang='lat' dir='ltr'>Bl.</span> <span class='ocrx_word' id='word_1_159' title='bbox 901 2509 1001 2570; x_wconf 88' lang='lat' dir='ltr'>Recte</span> <span class='ocrx_word' id='word_1_160' title='bbox 1032 2510 1123 2571; x_wconf 89' lang='lat' dir='ltr'>Kock</span> <span class='ocrx_word' id='word_1_161' title='bbox 1153 2511 1361 2572; x_wconf 87' lang='lat' dir='ltr'>lenissimam</span> <span class='ocrx_word' id='word_1_162' title='bbox 1391 2507 1534 2570; x_wconf 89' lang='lat' dir='ltr'>Jacobsii</span> <span class='ocrx_word' id='word_1_163' title='bbox 1569 2509 1657 2569; x_wconf 86' lang='lat' dir='ltr'>ratio·</span> 
     </span>
     <span class='ocr_line' id='line_1_20' title="bbox 385 2613 704 2672; baseline 0.003 -1"><span class='ocrx_word' id='word_1_164' title='bbox 385 2627 461 2672; x_wconf 87' lang='lat' dir='ltr'>nem</span> <span class='ocrx_word' id='word_1_165' title='bbox 484 2613 619 2672; x_wconf 91' lang='lat' dir='ltr'>secutus</span> <span class='ocrx_word' id='word_1_166' title='bbox 643 2613 704 2672; x_wconf 92' lang='lat' dir='ltr'>est.</span> 
     </span>
    </p>

    <p class='ocr_par' dir='ltr' id='par_1_11' title="bbox 340 2712 1366 2775">
     <span class='ocr_line' id='line_1_21' title="bbox 340 2712 1366 2775; baseline 0.002 -3"><span class='ocrx_word' id='word_1_167' title='bbox 340 2713 391 2774; x_wconf 90' lang='lat' dir='ltr'>Fr.</span> <span class='ocrx_word' id='word_1_168' title='bbox 419 2715 469 2774; x_wconf 85' lang='lat'>16.</span> <span class='ocrx_word' id='word_1_169' title='bbox 495 2714 631 2773; x_wconf 84' lang='lat' dir='ltr'>Frustra</span> <span class='ocrx_word' id='word_1_170' title='bbox 654 2714 755 2773; x_wconf 89' lang='lat' dir='ltr'>variis</span> <span class='ocrx_word' id='word_1_171' title='bbox 778 2713 886 2773; x_wconf 92' lang='lat' dir='ltr'>modis</span> <span class='ocrx_word' id='word_1_172' title='bbox 911 2712 1010 2774; x_wconf 88' lang='lat' dir='ltr'>verba</span> <span class='ocrx_word' id='word_1_173' title='bbox 1033 2728 1115 2774; x_wconf 90' lang='lat' dir='ltr'>sana</span> <span class='ocrx_word' id='word_1_174' title='bbox 1138 2714 1296 2775; x_wconf 89' lang='lat' dir='ltr'>sollicitat</span> <span class='ocrx_word' id='word_1_175' title='bbox 1318 2714 1366 2774; x_wconf 89' lang='lat' dir='ltr'>Bl.</span> 
     </span>
    </p>

    <p class='ocr_par' dir='ltr' id='par_1_12' title="bbox 341 2799 1657 3093">
     <span class='ocr_line' id='line_1_22' title="bbox 341 2799 1657 2895; baseline -0.002 -21"><span class='ocrx_word' id='word_1_176' title='bbox 341 2815 392 2875; x_wconf 89' lang='lat' dir='ltr'>Fr.</span> <span class='ocrx_word' id='word_1_177' title='bbox 417 2799 470 2875; x_wconf 87' lang='grc'>18.</span> <span class='ocrx_word' id='word_1_178' title='bbox 495 2810 510 2873; x_wconf 82' lang='grc' dir='ltr'>ὁ</span> <span class='ocrx_word' id='word_1_179' title='bbox 534 2817 603 2886; x_wconf 85' lang='grc' dir='ltr'><strong><em>παῖς</em></strong></span> <span class='ocrx_word' id='word_1_180' title='bbox 628 2813 750 2892; x_wconf 76' lang='grc' dir='ltr'><strong><em>σοβείτω</em></strong></span> <span class='ocrx_word' id='word_1_181' title='bbox 774 2817 834 2886; x_wconf 84' lang='grc' dir='ltr'><strong><em>τοῖς</em></strong></span> <span class='ocrx_word' id='word_1_182' title='bbox 857 2813 1010 2895; x_wconf 78' lang='grc' dir='ltr'><strong><em>ποτηρίοις</em></strong></span> <span class='ocrx_word' id='word_1_183' title='bbox 1032 2819 1161 2893; x_wconf 81' lang='grc' dir='ltr'><strong><em>συχνοῖς.</em></strong></span> <span class='ocrx_word' id='word_1_184' title='bbox 1185 2815 1328 2876; x_wconf 82' lang='lat' dir='ltr'>Facilius</span> <span class='ocrx_word' id='word_1_185' title='bbox 1352 2815 1433 2876; x_wconf 89' lang='lat' dir='ltr'>haec</span> <span class='ocrx_word' id='word_1_186' title='bbox 1455 2813 1657 2888; x_wconf 83' lang='lat' dir='ltr'>intellegam,</span> 
     </span>
     <span class='ocr_line' id='line_1_23' title="bbox 384 2913 1657 2997; baseline -0.002 -21"><span class='ocrx_word' id='word_1_187' title='bbox 384 2917 413 2976; x_wconf 88' lang='lat' dir='ltr'>si</span> <span class='ocrx_word' id='word_1_188' title='bbox 443 2916 610 2976; x_wconf 87' lang='lat' dir='ltr'>sumimus</span> <span class='ocrx_word' id='word_1_189' title='bbox 641 2916 674 2975; x_wconf 90' lang='lat' dir='ltr'>in</span> <span class='ocrx_word' id='word_1_190' title='bbox 704 2915 857 2991; x_wconf 89' lang='lat' dir='ltr'>sequenti</span> <span class='ocrx_word' id='word_1_191' title='bbox 887 2931 986 2977; x_wconf 84' lang='lat' dir='ltr'>versu</span> <span class='ocrx_word' id='word_1_192' title='bbox 1009 2916 1112 2978; x_wconf 85' lang='lat' dir='ltr'>fuisse</span> <span class='ocrx_word' id='word_1_193' title='bbox 1135 2917 1254 2997; x_wconf 80' lang='grc' dir='ltr'><strong><em>κρούων</em></strong></span> <span class='ocrx_word' id='word_1_194' title='bbox 1277 2914 1423 2996; x_wconf 74' lang='grc' dir='ltr'><strong><em>ἀκράτου,</em></strong></span> <span class='ocrx_word' id='word_1_195' title='bbox 1451 2915 1524 2977; x_wconf 90' lang='lat' dir='ltr'>coll.</span> <span class='ocrx_word' id='word_1_196' title='bbox 1548 2913 1657 2975; x_wconf 84' lang='lat' dir='ltr'>Eubul.</span> 
     </span>
     <span class='ocr_line' id='line_1_24' title="bbox 384 3017 926 3093; baseline -0.002 -14"><span class='ocrx_word' id='word_1_197' title='bbox 384 3018 423 3079; x_wconf 85' lang='lat' dir='ltr'>ir.</span> <span class='ocrx_word' id='word_1_198' title='bbox 448 3019 501 3093; x_wconf 83' lang='lat'>49,</span> <span class='ocrx_word' id='word_1_199' title='bbox 527 3019 584 3078; x_wconf 90' lang='lat' dir='ltr'>aut</span> <span class='ocrx_word' id='word_1_200' title='bbox 608 3017 729 3091; x_wconf 88' lang='lat' dir='ltr'>aliquid</span> <span class='ocrx_word' id='word_1_201' title='bbox 754 3017 926 3078; x_wconf 87' lang='lat' dir='ltr'>eiusmodi.</span> 
     </span>
    </p>

    <p class='ocr_par' dir='ltr' id='par_1_13' title="bbox 340 3115 1656 3302">
     <span class='ocr_line' id='line_1_25' title="bbox 340 3115 1656 3194; baseline -0.003 -14"><span class='ocrx_word' id='word_1_202' title='bbox 340 3121 391 3180; x_wconf 85' lang='lat' dir='ltr'>Fr.</span> <span class='ocrx_word' id='word_1_203' title='bbox 424 3121 476 3194; x_wconf 88' lang='grc'><strong>20,</strong></span> <span class='ocrx_word' id='word_1_204' title='bbox 510 3121 539 3180; x_wconf 90' lang='grc'>2.</span> <span class='ocrx_word' id='word_1_205' title='bbox 582 3115 663 3189; x_wconf 83' lang='grc' dir='ltr'><strong><em>έινὸς</em></strong></span> <span class='ocrx_word' id='word_1_206' title='bbox 705 3123 819 3180; x_wconf 90' lang='lat' dir='ltr'>contra</span> <span class='ocrx_word' id='word_1_207' title='bbox 857 3119 1060 3179; x_wconf 89' lang='lat' dir='ltr'>sententiam</span> <span class='ocrx_word' id='word_1_208' title='bbox 1092 3121 1141 3181; x_wconf 90' lang='lat' dir='ltr'>Bl.</span> <span class='ocrx_word' id='word_1_209' title='bbox 1175 3152 1215 3164; x_wconf 58' lang='grc' dir='ltr'><strong><em>-ν</em></strong></span> <span class='ocrx_word' id='word_1_210' title='bbox 1247 3120 1304 3181; x_wconf 89' lang='lat' dir='ltr'>Vs.</span> <span class='ocrx_word' id='word_1_211' title='bbox 1339 3119 1456 3180; x_wconf 77' lang='grc'><strong>4.(11.</strong></span> <span class='ocrx_word' id='word_1_212' title='bbox 1493 3116 1656 3180; x_wconf 84' lang='lat' dir='ltr'>Menandri</span> 
     </span>
     <span class='ocr_line' id='line_1_26' title="bbox 383 3217 1387 3302; baseline -0.004 -19"><span class='ocrx_word' id='word_1_213' title='bbox 383 3223 422 3283; x_wconf 84' lang='lat' dir='ltr'>fr.</span> <span class='ocrx_word' id='word_1_214' title='bbox 447 3222 522 3302; x_wconf 86' lang='grc'><strong>281,</strong></span> <span class='ocrx_word' id='word_1_215' title='bbox 548 3223 578 3281; x_wconf 91' lang='grc'>3.</span> <span class='ocrx_word' id='word_1_216' title='bbox 604 3221 695 3281; x_wconf 88' lang='lat' dir='ltr'>Addo</span> <span class='ocrx_word' id='word_1_217' title='bbox 718 3222 773 3282; x_wconf 81' lang='lat' dir='ltr'>Ar.</span> <span class='ocrx_word' id='word_1_218' title='bbox 800 3221 880 3281; x_wconf 82' lang='lat' dir='ltr'>Nub.</span> <span class='ocrx_word' id='word_1_219' title='bbox 907 3223 948 3281; x_wconf 86' lang='lat'>36</span> <span class='ocrx_word' id='word_1_220' title='bbox 972 3218 1090 3300; x_wconf 77' lang='grc' dir='ltr'><strong><em>στρέφει</em></strong></span> <span class='ocrx_word' id='word_1_221' title='bbox 1114 3220 1168 3298; x_wconf 78' lang='grc' dir='ltr'>τὴν</span> <span class='ocrx_word' id='word_1_222' title='bbox 1192 3217 1278 3301; x_wconf 79' lang='grc' dir='ltr'><strong><em>νύχθ’</em></strong></span> <span class='ocrx_word' id='word_1_223' title='bbox 1305 3219 1387 3298; x_wconf 78' lang='grc' dir='ltr'><strong><em>ὅλην.</em></strong></span> 
     </span>
    </p>

    <p class='ocr_par' dir='ltr' id='par_1_14' title="bbox 340 3318 1654 3487">
     <span class='ocr_line' id='line_1_27' title="bbox 340 3318 1654 3406; baseline -0.002 -23"><span class='ocrx_word' id='word_1_224' title='bbox 340 3324 391 3384; x_wconf 92' lang='lat' dir='ltr'>Fr.</span> <span class='ocrx_word' id='word_1_225' title='bbox 417 3325 469 3400; x_wconf 82' lang='lat'>21,</span> <span class='ocrx_word' id='word_1_226' title='bbox 496 3324 525 3383; x_wconf 90' lang='grc'>2.</span> <span class='ocrx_word' id='word_1_227' title='bbox 557 3323 648 3383; x_wconf 88' lang='lat' dir='ltr'>Idem</span> <span class='ocrx_word' id='word_1_228' title='bbox 684 3322 764 3398; x_wconf 77' lang='lat' dir='ltr'>„Pro</span> <span class='ocrx_word' id='word_1_229' title='bbox 791 3321 824 3406; x_wconf 76' lang='grc' dir='ltr'>έᾳ</span> <span class='ocrx_word' id='word_1_230' title='bbox 854 3323 918 3384; x_wconf 91' lang='lat' dir='ltr'>erit</span> <span class='ocrx_word' id='word_1_231' title='bbox 941 3323 1083 3384; x_wconf 86' lang='lat' dir='ltr'>tortasse</span> <span class='ocrx_word' id='word_1_232' title='bbox 1106 3324 1158 3384; x_wconf 92' lang='lat' dir='ltr'>cui</span> <span class='ocrx_word' id='word_1_233' title='bbox 1181 3324 1326 3385; x_wconf 84' lang='lat' dir='ltr'>arrideat</span> <span class='ocrx_word' id='word_1_234' title='bbox 1348 3318 1426 3384; x_wconf 80' lang='grc' dir='ltr'><strong>ἀεί’.</strong></span> <span class='ocrx_word' id='word_1_235' title='bbox 1448 3322 1549 3398; x_wconf 80' lang='lat' dir='ltr'>Spero</span> <span class='ocrx_word' id='word_1_236' title='bbox 1573 3320 1654 3395; x_wconf 87' lang='lat' dir='ltr'>equi·</span> 
     </span>
     <span class='ocr_line' id='line_1_28' title="bbox 384 3425 754 3487; baseline -0.003 0"><span class='ocrx_word' id='word_1_237' title='bbox 384 3426 460 3487; x_wconf 90' lang='lat' dir='ltr'>dem</span> <span class='ocrx_word' id='word_1_238' title='bbox 483 3426 552 3486; x_wconf 86' lang='lat' dir='ltr'>fore</span> <span class='ocrx_word' id='word_1_239' title='bbox 575 3425 754 3486; x_wconf 87' lang='lat' dir='ltr'>neminem.</span> 
     </span>
    </p>

    <p class='ocr_par' dir='ltr' id='par_1_15' title="bbox 340 3524 1002 3590">
     <span class='ocr_line' id='line_1_29' title="bbox 340 3524 1002 3590; baseline 0 -2"><span class='ocrx_word' id='word_1_240' title='bbox 340 3528 391 3590; x_wconf 89' lang='lat' dir='ltr'>Fr.</span> <span class='ocrx_word' id='word_1_241' title='bbox 416 3529 468 3588; x_wconf 82' lang='lat'>22.</span> <span class='ocrx_word' id='word_1_242' title='bbox 494 3527 524 3588; x_wconf 90' lang='grc'>2.</span> <span class='ocrx_word' id='word_1_243' title='bbox 549 3524 674 3587; x_wconf 81' lang='lat' dir='ltr'>cratini</span> <span class='ocrx_word' id='word_1_244' title='bbox 697 3526 736 3587; x_wconf 83' lang='lat' dir='ltr'>ir.</span> <span class='ocrx_word' id='word_1_245' title='bbox 761 3528 825 3587; x_wconf 89' lang='grc'>303</span> <span class='ocrx_word' id='word_1_246' title='bbox 850 3528 931 3588; x_wconf 87' lang='lat' dir='ltr'>citat</span> <span class='ocrx_word' id='word_1_247' title='bbox 953 3527 1002 3588; x_wconf 92' lang='lat' dir='ltr'>Bl.</span> 
     </span>
    </p>

    <p class='ocr_par' dir='ltr' id='par_1_16' title="bbox 339 3627 1658 4015">
     <span class='ocr_line' id='line_1_30' title="bbox 339 3627 1657 3706; baseline -0.003 -16"><span class='ocrx_word' id='word_1_248' title='bbox 339 3630 391 3690; x_wconf 88' lang='lat' dir='ltr'>Fr.</span> <span class='ocrx_word' id='word_1_249' title='bbox 416 3630 468 3706; x_wconf 89' lang='grc'><strong>23,</strong></span> <span class='ocrx_word' id='word_1_250' title='bbox 494 3630 523 3689; x_wconf 92' lang='grc'><strong>3.</strong></span> <span class='ocrx_word' id='word_1_251' title='bbox 560 3627 606 3690; x_wconf 84' lang='lat' dir='ltr'>Oi.</span> <span class='ocrx_word' id='word_1_252' title='bbox 639 3628 754 3690; x_wconf 88' lang='lat' dir='ltr'>Kockii</span> <span class='ocrx_word' id='word_1_253' title='bbox 788 3631 876 3690; x_wconf 87' lang='lat' dir='ltr'>nota.</span> <span class='ocrx_word' id='word_1_254' title='bbox 908 3630 956 3690; x_wconf 90' lang='lat' dir='ltr'>Bl.</span> <span class='ocrx_word' id='word_1_255' title='bbox 995 3628 1174 3705; x_wconf 80' lang='lat' dir='ltr'>„Similiter</span> <span class='ocrx_word' id='word_1_256' title='bbox 1204 3642 1265 3689; x_wconf 91' lang='lat' dir='ltr'>nos</span> <span class='ocrx_word' id='word_1_257' title='bbox 1299 3627 1440 3690; x_wconf 90' lang='lat' dir='ltr'>dicimus</span> <span class='ocrx_word' id='word_1_258' title='bbox 1470 3644 1491 3689; x_wconf 89' lang='lat' dir='ltr'>a</span> <span class='ocrx_word' id='word_1_259' title='bbox 1519 3641 1657 3700; x_wconf 85' lang='lat' dir='ltr'>nanny</span> 
     </span>
     <span class='ocr_line' id='line_1_31' title="bbox 384 3729 1658 3808; baseline -0.005 -15"><span class='ocrx_word' id='word_1_260' title='bbox 384 3731 513 3807; x_wconf 78' lang='lat' dir='ltr'>goer’.</span> <span class='ocrx_word' id='word_1_261' title='bbox 538 3729 625 3806; x_wconf 82' lang='lat' dir='ltr'>Quae</span> <span class='ocrx_word' id='word_1_262' title='bbox 648 3731 744 3806; x_wconf 86' lang='lat' dir='ltr'>plane</span> <span class='ocrx_word' id='word_1_263' title='bbox 768 3730 904 3792; x_wconf 82' lang='lat' dir='ltr'>fortuita</span> <span class='ocrx_word' id='word_1_264' title='bbox 923 3733 975 3792; x_wconf 86' lang='lat' dir='ltr'>est</span> <span class='ocrx_word' id='word_1_265' title='bbox 994 3731 1189 3808; x_wconf 88' lang='lat' dir='ltr'>similitudo,</span> <span class='ocrx_word' id='word_1_266' title='bbox 1211 3731 1464 3806; x_wconf 88' lang='lat' dir='ltr'>necquidquam</span> <span class='ocrx_word' id='word_1_267' title='bbox 1486 3741 1658 3790; x_wconf 89' lang='lat' dir='ltr'>commune</span> 
     </span>
     <span class='ocr_line' id='line_1_32' title="bbox 383 3829 1658 3915; baseline -0.003 -23"><span class='ocrx_word' id='word_1_268' title='bbox 383 3833 482 3894; x_wconf 91' lang='lat' dir='ltr'>babet</span> <span class='ocrx_word' id='word_1_269' title='bbox 516 3848 591 3893; x_wconf 90' lang='lat' dir='ltr'>cum</span> <span class='ocrx_word' id='word_1_270' title='bbox 628 3848 744 3907; x_wconf 85' lang='lat' dir='ltr'>graeco</span> <span class='ocrx_word' id='word_1_271' title='bbox 779 3833 911 3892; x_wconf 89' lang='lat' dir='ltr'>nomine</span> <span class='ocrx_word' id='word_1_272' title='bbox 946 3831 1094 3893; x_wconf 80' lang='grc' dir='ltr'><strong><em>Νάννιον.</em></strong></span> <span class='ocrx_word' id='word_1_273' title='bbox 1129 3832 1191 3894; x_wconf 91' lang='lat' dir='ltr'>Pro</span> <span class='ocrx_word' id='word_1_274' title='bbox 1225 3833 1315 3915; x_wconf 71' lang='grc' dir='ltr'>Λύκᾳ</span> <span class='ocrx_word' id='word_1_275' title='bbox 1346 3832 1457 3894; x_wconf 88' lang='lat' dir='ltr'>nescio</span> <span class='ocrx_word' id='word_1_276' title='bbox 1492 3847 1550 3892; x_wconf 92' lang='lat' dir='ltr'>cur</span> <span class='ocrx_word' id='word_1_277' title='bbox 1577 3829 1658 3892; x_wconf 89' lang='lat' dir='ltr'>ooni-</span> 
     </span>
     <span class='ocr_line' id='line_1_33' title="bbox 383 3932 1431 4015; baseline -0.001 -20"><span class='ocrx_word' id='word_1_278' title='bbox 383 3935 448 3995; x_wconf 88' lang='lat' dir='ltr'>ciat</span> <span class='ocrx_word' id='word_1_279' title='bbox 471 3933 591 3994; x_wconf 78' lang='grc' dir='ltr'><strong><em>Λνκίδι.</em></strong></span> <span class='ocrx_word' id='word_1_280' title='bbox 618 3967 659 3977; x_wconf 93' lang='grc'>-</span> <span class='ocrx_word' id='word_1_281' title='bbox 682 3933 738 3995; x_wconf 90' lang='lat' dir='ltr'>Vs.</span> <span class='ocrx_word' id='word_1_282' title='bbox 762 3936 793 3996; x_wconf 84' lang='lat'>4.</span> <span class='ocrx_word' id='word_1_283' title='bbox 818 3935 889 3996; x_wconf 85' lang='lat' dir='ltr'>Non</span> <span class='ocrx_word' id='word_1_284' title='bbox 913 3935 1001 3996; x_wconf 88' lang='lat' dir='ltr'>male</span> <span class='ocrx_word' id='word_1_285' title='bbox 1026 3935 1114 3996; x_wconf 91' lang='lat' dir='ltr'>idem</span> <span class='ocrx_word' id='word_1_286' title='bbox 1137 3934 1241 4015; x_wconf 76' lang='grc' dir='ltr'><strong><em>παγίσι</em></strong></span> <span class='ocrx_word' id='word_1_287' title='bbox 1263 3943 1322 3995; x_wconf 83' lang='grc' dir='ltr'>ιον</span> <span class='ocrx_word' id='word_1_288' title='bbox 1346 3932 1431 3995; x_wconf 90' lang='grc' dir='ltr'><strong><em>νέων.</em></strong></span> 
     </span>
    </p>

    <p class='ocr_par' dir='ltr' id='par_1_17' title="bbox 339 4031 1661 4299">
     <span class='ocr_line' id='line_1_34' title="bbox 339 4031 1658 4114; baseline -0.001 -20"><span class='ocrx_word' id='word_1_289' title='bbox 339 4035 391 4096; x_wconf 90' lang='lat' dir='ltr'>Fr.</span> <span class='ocrx_word' id='word_1_290' title='bbox 417 4037 469 4096; x_wconf 92' lang='grc'>26.</span> <span class='ocrx_word' id='word_1_291' title='bbox 502 4031 533 4094; x_wconf 89' lang='grc' dir='ltr'>έν</span> <span class='ocrx_word' id='word_1_292' title='bbox 564 4038 625 4107; x_wconf 80' lang='grc' dir='ltr'><strong><em>τοῖς</em></strong></span> <span class='ocrx_word' id='word_1_293' title='bbox 656 4034 777 4114; x_wconf 75' lang='grc' dir='ltr'><strong><em>ἰχθύσιν</em></strong></span> <span class='ocrx_word' id='word_1_294' title='bbox 807 4036 940 4112; x_wconf 80' lang='lat' dir='ltr'>supplet</span> <span class='ocrx_word' id='word_1_295' title='bbox 969 4036 1033 4112; x_wconf 79' lang='lat' dir='ltr'>Bi,</span> <span class='ocrx_word' id='word_1_296' title='bbox 1058 4037 1143 4111; x_wconf 87' lang='lat' dir='ltr'>quod</span> <span class='ocrx_word' id='word_1_297' title='bbox 1166 4051 1415 4111; x_wconf 87' lang='lat' dir='ltr'>supervacuum·</span> <span class='ocrx_word' id='word_1_298' title='bbox 1431 4036 1517 4097; x_wconf 81' lang='lat' dir='ltr'>toret</span> <span class='ocrx_word' id='word_1_299' title='bbox 1540 4035 1658 4095; x_wconf 87' lang='lat' dir='ltr'>addita·</span> 
     </span>
     <span class='ocr_line' id='line_1_35' title="bbox 381 4135 1661 4214; baseline -0.001 -18"><span class='ocrx_word' id='word_1_300' title='bbox 381 4140 543 4197; x_wconf 87' lang='lat' dir='ltr'>mantum.</span> <span class='ocrx_word' id='word_1_301' title='bbox 570 4169 610 4180; x_wconf 94' lang='lat'>-</span> <span class='ocrx_word' id='word_1_302' title='bbox 636 4135 690 4198; x_wconf 89' lang='lat' dir='ltr'>Vs.</span> <span class='ocrx_word' id='word_1_303' title='bbox 723 4137 741 4196; x_wconf 89' lang='grc'><strong>2</strong></span> <span class='ocrx_word' id='word_1_304' title='bbox 773 4140 881 4198; x_wconf 89' lang='lat' dir='ltr'>tentat</span> <span class='ocrx_word' id='word_1_305' title='bbox 905 4137 1175 4213; x_wconf 86' lang='lat' dir='ltr'>improbabiliter.</span> <span class='ocrx_word' id='word_1_306' title='bbox 1209 4139 1364 4214; x_wconf 87' lang='lat' dir='ltr'>Speciosa</span> <span class='ocrx_word' id='word_1_307' title='bbox 1397 4138 1577 4200; x_wconf 91' lang='lat' dir='ltr'>admodum</span> <span class='ocrx_word' id='word_1_308' title='bbox 1612 4139 1661 4196; x_wconf 87' lang='lat' dir='ltr'>est</span> 
     </span>
     <span class='ocr_line' id='line_1_36' title="bbox 385 4237 721 4299; baseline 0.003 -1"><span class='ocrx_word' id='word_1_309' title='bbox 385 4237 501 4298; x_wconf 85' lang='lat' dir='ltr'>Kockii</span> <span class='ocrx_word' id='word_1_310' title='bbox 524 4238 721 4299; x_wconf 86' lang='lat' dir='ltr'>coniectura.</span> 
     </span>
    </p>

    <p class='ocr_par' dir='ltr' id='par_1_18' title="bbox 339 4331 1082 4410">
     <span class='ocr_line' id='line_1_37' title="bbox 339 4331 1082 4410; baseline 0.005 -12"><span class='ocrx_word' id='word_1_311' title='bbox 339 4340 394 4400; x_wconf 89' lang='lat' dir='ltr'>Vs.</span> <span class='ocrx_word' id='word_1_312' title='bbox 421 4341 472 4399; x_wconf 88' lang='grc'>29.</span> <span class='ocrx_word' id='word_1_313' title='bbox 498 4331 596 4410; x_wconf 75' lang='grc' dir='ltr'><strong><em>ἀτελές</em></strong></span> <span class='ocrx_word' id='word_1_314' title='bbox 619 4335 659 4399; x_wconf 81' lang='grc' dir='ltr'>δέ</span> <span class='ocrx_word' id='word_1_315' title='bbox 683 4337 807 4398; x_wconf 84' lang='grc' dir='ltr'><strong><em>δεῖπνον</em></strong></span> <span class='ocrx_word' id='word_1_316' title='bbox 830 4355 897 4401; x_wconf 91' lang='lat' dir='ltr'>non</span> <span class='ocrx_word' id='word_1_317' title='bbox 921 4342 1009 4402; x_wconf 86' lang='lat' dir='ltr'>male</span> <span class='ocrx_word' id='word_1_318' title='bbox 1033 4341 1082 4402; x_wconf 89' lang='lat' dir='ltr'>Bl.</span> 
     </span>
    </p>

    <p class='ocr_par' dir='ltr' id='par_1_19' title="bbox 339 4436 1660 4824">
     <span class='ocr_line' id='line_1_38' title="bbox 339 4436 1659 4528; baseline -0.002 -26"><span class='ocrx_word' id='word_1_319' title='bbox 339 4443 390 4504; x_wconf 89' lang='lat' dir='ltr'>Fr.</span> <span class='ocrx_word' id='word_1_320' title='bbox 415 4441 469 4502; x_wconf 85' lang='lat'>30.</span> <span class='ocrx_word' id='word_1_321' title='bbox 496 4444 523 4502; x_wconf 88' lang='lat'>1.</span> <span class='ocrx_word' id='word_1_322' title='bbox 557 4439 706 4516; x_wconf 81' lang='lat' dir='ltr'>Cogitaui</span> <span class='ocrx_word' id='word_1_323' title='bbox 740 4441 914 4516; x_wconf 86' lang='lat' dir='ltr'>aliquando</span> <span class='ocrx_word' id='word_1_324' title='bbox 949 4443 989 4503; x_wconf 92' lang='lat' dir='ltr'>de</span> <span class='ocrx_word' id='word_1_325' title='bbox 1023 4442 1197 4504; x_wconf 88' lang='lat' dir='ltr'>scribendo</span> <span class='ocrx_word' id='word_1_326' title='bbox 1233 4441 1355 4528; x_wconf 72' lang='grc' dir='ltr'><strong><em>μυρίοι</em></strong></span> <span class='ocrx_word' id='word_1_327' title='bbox 1376 4436 1576 4520; x_wconf 81' lang='grc' dir='ltr'><strong><em>,ολμοι,νπέ.,</em></strong></span> <span class='ocrx_word' id='word_1_328' title='bbox 1604 4440 1659 4502; x_wconf 90' lang='lat' dir='ltr'>sed</span> 
     </span>
     <span class='ocr_line' id='line_1_39' title="bbox 383 4540 1660 4626; baseline -0.001 -21"><span class='ocrx_word' id='word_1_329' title='bbox 383 4543 464 4605; x_wconf 88' lang='lat' dir='ltr'>nibil</span> <span class='ocrx_word' id='word_1_330' title='bbox 487 4543 695 4604; x_wconf 87' lang='lat' dir='ltr'>mutandum.</span> <span class='ocrx_word' id='word_1_331' title='bbox 728 4543 776 4603; x_wconf 90' lang='lat' dir='ltr'>Bl.</span> <span class='ocrx_word' id='word_1_332' title='bbox 801 4543 857 4604; x_wconf 84' lang='lat' dir='ltr'>cit.</span> <span class='ocrx_word' id='word_1_333' title='bbox 888 4540 941 4625; x_wconf 80' lang='grc' dir='ltr'>ὄλχ</span> <span class='ocrx_word' id='word_1_334' title='bbox 965 4541 1054 4626; x_wconf 73' lang='grc' dir='ltr'><strong><em>μοίρᾳ</em></strong></span> <span class='ocrx_word' id='word_1_335' title='bbox 1078 4545 1163 4620; x_wconf 90' lang='lat' dir='ltr'>apud</span> <span class='ocrx_word' id='word_1_336' title='bbox 1186 4544 1482 4606; x_wconf 88' lang='lat' dir='ltr'>Pseudoluoianum</span> <span class='ocrx_word' id='word_1_337' title='bbox 1507 4546 1540 4605; x_wconf 91' lang='lat' dir='ltr'>in</span> <span class='ocrx_word' id='word_1_338' title='bbox 1564 4547 1660 4605; x_wconf 86' lang='lat' dir='ltr'>Amo·</span> 
     </span>
     <span class='ocr_line' id='line_1_40' title="bbox 384 4639 1660 4723; baseline -0.002 -17"><span class='ocrx_word' id='word_1_339' title='bbox 384 4646 475 4706; x_wconf 92' lang='lat' dir='ltr'>ribus</span> <span class='ocrx_word' id='word_1_340' title='bbox 510 4646 562 4705; x_wconf 82' lang='lat'>27.</span> <span class='ocrx_word' id='word_1_341' title='bbox 594 4678 630 4686; x_wconf 88' lang='lat'>-</span> <span class='ocrx_word' id='word_1_342' title='bbox 667 4644 724 4705; x_wconf 90' lang='lat' dir='ltr'>Vs.</span> <span class='ocrx_word' id='word_1_343' title='bbox 760 4645 790 4705; x_wconf 84' lang='lat'>9.</span> <span class='ocrx_word' id='word_1_344' title='bbox 834 4640 903 4703; x_wconf 82' lang='grc' dir='ltr'><strong><em>ὡσελ</em></strong></span> <span class='ocrx_word' id='word_1_345' title='bbox 937 4639 970 4703; x_wconf 80' lang='grc' dir='ltr'>δέ</span> <span class='ocrx_word' id='word_1_346' title='bbox 1002 4642 1155 4723; x_wconf 81' lang='grc' dir='ltr'><strong><em>προσέχων</em></strong></span> <span class='ocrx_word' id='word_1_347' title='bbox 1188 4647 1275 4707; x_wconf 91' lang='lat' dir='ltr'>idem</span> <span class='ocrx_word' id='word_1_348' title='bbox 1311 4649 1345 4708; x_wconf 87' lang='lat' dir='ltr'>et</span> <span class='ocrx_word' id='word_1_349' title='bbox 1378 4647 1411 4707; x_wconf 89' lang='lat' dir='ltr'>in</span> <span class='ocrx_word' id='word_1_350' title='bbox 1447 4645 1660 4707; x_wconf 89' lang='lat' dir='ltr'>Addendls</span> 
     </span>
     <span class='ocr_line' id='line_1_41' title="bbox 383 4744 1545 4824; baseline 0.003 -19"><span class='ocrx_word' id='word_1_351' title='bbox 383 4745 481 4824; x_wconf 80' lang='grc' dir='ltr'><strong><em>ὥσπερ</em></strong></span> <span class='ocrx_word' id='word_1_352' title='bbox 505 4766 548 4822; x_wconf 81' lang='grc' dir='ltr'>νε,</span> <span class='ocrx_word' id='word_1_353' title='bbox 572 4759 645 4805; x_wconf 89' lang='lat' dir='ltr'>raro</span> <span class='ocrx_word' id='word_1_354' title='bbox 668 4744 731 4804; x_wconf 87' lang='lat' dir='ltr'>eibi</span> <span class='ocrx_word' id='word_1_355' title='bbox 759 4746 926 4806; x_wconf 87' lang='lat' dir='ltr'>constans.</span> <span class='ocrx_word' id='word_1_356' title='bbox 954 4779 992 4788; x_wconf 95' lang='lat'>—</span> <span class='ocrx_word' id='word_1_357' title='bbox 1021 4745 1074 4806; x_wconf 92' lang='lat' dir='ltr'>Vs.</span> <span class='ocrx_word' id='word_1_358' title='bbox 1103 4747 1143 4806; x_wconf 92' lang='lat'>10</span> <span class='ocrx_word' id='word_1_359' title='bbox 1162 4762 1210 4820; x_wconf 89' lang='lat' dir='ltr'>sq.</span> <span class='ocrx_word' id='word_1_360' title='bbox 1235 4747 1397 4810; x_wconf 88' lang='lat' dir='ltr'>Haadlam</span> <span class='ocrx_word' id='word_1_361' title='bbox 1420 4750 1545 4808; x_wconf 89' lang='lat' dir='ltr'>tentat:</span> 
     </span>
    </p>

    <p class='ocr_par' dir='ltr' id='par_1_20' title="bbox 382 4838 1660 5126">
     <span class='ocr_line' id='line_1_42' title="bbox 623 4838 1380 4926; baseline 0.008 -21"><span class='ocrx_word' id='word_1_362' title='bbox 623 4843 745 4926; x_wconf 82' lang='grc' dir='ltr'><strong><em>έιιρονσσ</em></strong></span> <span class='ocrx_word' id='word_1_363' title='bbox 767 4845 947 4904; x_wconf 74' lang='grc' dir='ltr'><strong><em>πουλύπουν</em></strong></span> <span class='ocrx_word' id='word_1_364' title='bbox 970 4839 1023 4905; x_wconf 82' lang='grc' dir='ltr'><strong><em>τιν’</em></strong></span> <span class='ocrx_word' id='word_1_365' title='bbox 1053 4838 1143 4924; x_wconf 56' lang='lat' dir='ltr'>&lt;pli</span> <span class='ocrx_word' id='word_1_366' title='bbox 1170 4844 1380 4924; x_wconf 84' lang='grc' dir='ltr'><strong><em>ἀπειρίνατο&gt;</em></strong></span> 
     </span>
     <span class='ocr_line' id='line_1_43' title="bbox 624 4940 1466 5024; baseline 0.006 -21"><span class='ocrx_word' id='word_1_367' title='bbox 624 4944 636 4970; x_wconf 76' lang='lat'>&#39;</span> <span class='ocrx_word' id='word_1_368' title='bbox 661 4943 674 4969; x_wconf 77' lang='lat'>&#39;</span> <span class='ocrx_word' id='word_1_369' title='bbox 698 4940 728 5023; x_wconf 74' lang='grc' dir='ltr'>,ὃ</span> <span class='ocrx_word' id='word_1_370' title='bbox 753 4940 780 5004; x_wconf 83' lang='grc' dir='ltr'>δ’</span> <span class='ocrx_word' id='word_1_371' title='bbox 808 4942 976 5024; x_wconf 80' lang='grc' dir='ltr'><strong><em>έπρήσθην,</em></strong></span> <span class='ocrx_word' id='word_1_372' title='bbox 999 4943 1048 5006; x_wconf 85' lang='grc' dir='ltr'><strong><em>κοιλ</em></strong></span> <span class='ocrx_word' id='word_1_373' title='bbox 1072 4941 1125 5006; x_wconf 81' lang='grc' dir='ltr'>τότ’</span> <span class='ocrx_word' id='word_1_374' title='bbox 1153 4946 1189 5008; x_wconf 78' lang='grc' dir='ltr'><strong><em>οὗ</em></strong></span> <span class='ocrx_word' id='word_1_375' title='bbox 1214 4952 1311 5009; x_wconf 83' lang='grc' dir='ltr'><strong><em>λαλῶν</em></strong></span> <span class='ocrx_word' id='word_1_376' title='bbox 1335 4947 1389 5010; x_wconf 79' lang='grc' dir='ltr'><strong><em>ὅλοι</em></strong></span> <span class='ocrx_word' id='word_1_377' title='bbox 1411 4947 1466 5009; x_wconf 64' lang='lat' dir='ltr'>arf.</span> 
     </span>
     <span class='ocr_line' id='line_1_44' title="bbox 382 5046 1660 5126; baseline -0.001 -15"><span class='ocrx_word' id='word_1_378' title='bbox 382 5053 517 5111; x_wconf 84' lang='lat' dir='ltr'>vertens</span> <span class='ocrx_word' id='word_1_379' title='bbox 541 5050 613 5111; x_wconf 90' lang='lat' dir='ltr'>but</span> <span class='ocrx_word' id='word_1_380' title='bbox 635 5049 746 5108; x_wconf 87' lang='lat' dir='ltr'>what</span> <span class='ocrx_word' id='word_1_381' title='bbox 770 5046 1004 5108; x_wconf 86' lang='lat' dir='ltr'>iniuriatos</span> <span class='ocrx_word' id='word_1_382' title='bbox 1027 5064 1100 5125; x_wconf 88' lang='lat' dir='ltr'>ma,</span> <span class='ocrx_word' id='word_1_383' title='bbox 1133 5050 1218 5123; x_wconf 90' lang='lat' dir='ltr'>quod</span> <span class='ocrx_word' id='word_1_384' title='bbox 1242 5050 1373 5124; x_wconf 88' lang='lat' dir='ltr'>quidem</span> <span class='ocrx_word' id='word_1_385' title='bbox 1397 5065 1552 5126; x_wconf 86' lang='lat' dir='ltr'>graecum</span> <span class='ocrx_word' id='word_1_386' title='bbox 1588 5066 1660 5112; x_wconf 89' lang='lat' dir='ltr'>esse</span> 
     </span>
    </p>
   </div>
   <div class='ocr_carea' id='block_1_5' title="bbox 0 0 1878 5792">
    <p class='ocr_par' dir='ltr' id='par_1_21' title="bbox 0 0 1878 5792">
     <span class='ocr_line' id='line_1_45' title="bbox 0 0 1878 5792; baseline 0 0"><span class='ocrx_word' id='word_1_387' title='bbox 0 0 1878 5792; x_wconf 95' lang='lat' dir='ltr'> </span> 
     </span>
    </p>
   </div>
  </div>
 </body>
</html>
