3778 5796
994 530 1036 589 36

353 715 405 776 Fr.
430 716 482 776 29.
585 709 685 790 ὀσφὺν
707 709 735 774 δ’
762 711 798 788 ἔξ
821 711 950 795 ἄκρων
974 714 1178 796 διακίγκλισον
1203 711 1274 792 ἠύτε
1296 713 1419 792 κίγκλου

585 812 695 894 ἀνδρὸς
718 816 895 896 πρεσβύτου·
918 813 1025 876 τελέειν
1049 811 1076 876 δ’
1103 813 1227 896 ἀγαθὴν
1250 813 1404 892 ἐπαοιδήν.

397 916 593 993 corruptum
628 933 702 978 esse
733 915 762 990 ἐξ
791 915 892 996 ἄκρων
926 919 1092 981 intellexit
1123 919 1228 996 Koclr,
1265 918 1324 978 sed
1358 916 1442 992 quod
1474 913 1613 977 coniecit
1641 909 1673 984 ἐξ

396 1015 500 1097 ἁρμῶν
523 1012 581 1090 (εἶτ’
607 1016 702 1094 ἄκρον
725 1019 787 1088 Bl.)
811 1035 927 1095 parum
951 1021 1123 1081 commode
1146 1020 1298 1094 coniungi
1322 1019 1451 1079 videtur
1474 1030 1550 1077 oum
1572 1013 1673 1075 verbo

396 1117 617 1197 διακιγκλίζειν,
639 1121 660 1180 i.
684 1135 712 1181 θ.
738 1119 897 1198 διακονεῖν,
919 1123 954 1182 et
976 1121 1084 1196 magis
1107 1121 1191 1182 mibi
1213 1121 1322 1197 placet

696 1216 796 1296 ὀσφὺν
820 1217 860 1282 δὲ
892 1219 1013 1301 ξηρὰν
1036 1224 1105 1292 (aut
1128 1219 1269 1301 σκληρὰν)
1291 1218 1348 1280 urb.

351 1323 402 1383 l'r.
426 1325 479 1384 31.
505 1324 657 1384 Fortasse
679 1323 897 1398 supplendum
920 1339 1009 1399 esse,
1032 1323 1117 1398 quod
1138 1338 1236 1398 saepe
1259 1322 1406 1397 iungitur
1427 1336 1501 1382 cum
1521 1318 1672 1380 formulis

396 1417 446 1499 ἀφ’
472 1415 508 1484 οὗ
532 1426 565 1485 ct
588 1420 618 1496 ἐξ
642 1415 679 1484 οὗ
702 1426 737 1485 et
760 1420 819 1484 ἀπὸ
843 1421 895 1496 (ἐκ)
919 1423 1041 1500 τούτου,

488 1520 643 1596 (addire)
666 1518 717 1600 ἀφ’
743 1516 780 1585 οὗ
803 1523 980 1610 κωμῳδικὸν
999 1529 1215 1602 μορμολυκεῖον
1238 1523 1333 1604 ἔγνων

395 1628 462 1688 iam
497 1627 638 1688 antebac
671 1627 785 1687 monui
814 1629 849 1688 et
880 1627 912 1686 in
940 1627 980 1687 ir.
1005 1628 1047 1688 36
1077 1626 1298 1701 reponendam
1328 1640 1402 1686 esse
1432 1626 1574 1688 formam
1597 1625 1671 1684 atti·
1772 1643 1777 1650 ·

397 1745 470 1790 cam
501 1725 637 1804 ἀνοκοῆν
668 1742 726 1802 pro
756 1727 961 1789 bellenistica
992 1724 1135 1786 ἀνοκνᾶν.
1165 1727 1214 1788 Bl.
1240 1728 1295 1788 cit.
1319 1723 1555 1786 dvonvaddliav
1579 1723 1670 1786 Com.

396 1831 506 1906 adesp.
531 1830 607 1890 934.

351 1931 401 1991 Fr.
426 1931 478 2007 40,
505 1932 534 1992 2.
560 1931 692 1992 Gratius
715 1931 755 1991 ad
779 1946 893 1992 aurem
918 1921 1081 1993 accideret
1108 1945 1224 1992 versus
1249 1931 1300 1991 sic
1322 1928 1456 1991 relictus
1479 1925 1612 1987 κλέπτειν
1635 1924 1672 1986 τὰ

395 2030 483 2091 κοινὰ
503 2029 568 2091 καί
590 2035 658 2107 (pro
683 2031 743 2108 ἅμα
767 2037 806 2104 τε)
831 2037 1040 2108 συκοφαντεῖν.
1064 2033 1131 2094 Nec
1153 2036 1268 2094 tamen
1292 2035 1396 2093 muto.

351 2133 402 2193 Fr.
425 2133 505 2193 40b.
529 2133 608 2194 Lex.
634 2132 856 2195 Sabbalticum
879 2150 909 2210 p.
934 2135 954 2195 9
977 2130 1114 2212 ἐμβολὼν
1137 2131 1315 2212 ippotae.
1339 2131 1385 2193 Oi.
1410 2132 1448 2192 rr.
1474 2131 1526 2190 20.

351 2235 402 2296 ir.
427 2235 479 2296 44.
570 2228 646 2295 τοῦτ’
672 2229 746 2295 αὐτὸ
769 2233 937 2314 πράττω,
961 2228 1009 2295 δύ’
1037 2230 1133 2313 ὀβολὼ
1156 2232 1208 2294 καί
1231 2233 1384 2312 σύμβολον

572 2333 633 2396 ὑπὸ
656 2346 695 2419 τῷ
714 2330 896 2421 ’κικλίντρῳΙ
921 2337 945 2396 Β
968 2343 1033 2414 μῶν
1055 2358 1098 2407 τις
1122 2329 1183 2396 αὔτ’
1210 2332 1357 2408 ἀνοίκειος

394 2437 516 2498 Parum
540 2437 662 2498 arridet
684 2437 850 2513 Blaydesii
874 2439 957 2498 coni.
982 2431 1043 2496 οὔτ’
1065 2435 1184 2516 ἔκρυψα
1207 2430 1255 2498 id
1281 2433 1353 2513 κοί,
1375 2451 1439 2511 quo
1463 2435 1587 2510 scripto
1609 2433 1673 2494 sal·

394 2542 464 2598 tem
495 2537 595 2598 simul
627 2539 775 2600 conicere
806 2539 964 2600 debuerat
993 2546 1063 2597 τοο
1071 2532 1115 2599 τ’.
1147 2540 1212 2599 Fac
1243 2540 1354 2599 autem
1387 2539 1476 2598 recte
1509 2535 1672 2596 Kockium

394 2642 542 2700 statuere
564 2640 597 2698 in
620 2641 823 2716 praegressis
846 2641 872 2700 B
895 2640 1020 2701 dixisse
1051 2639 1129 2715 ζήτει
1157 2639 1211 2701 vel
1241 2637 1348 2716 ἐρεύνα
1371 2637 1414 2710 (τὸ
1437 2635 1606 2716 ἀργύριον),
1630 2651 1674 2698 ne

395 2740 596 2815 sicquidem
619 2741 851 2816 percommode
881 2743 932 2801 est
961 2741 1225 2803 accusativorum
1253 2740 1438 2815 explicatio.
1466 2738 1549 2802 Vide
1572 2738 1675 2813 igitur

395 2857 436 2903 ne
458 2841 576 2920 πράττω
599 2841 644 2902 sit
667 2842 1017 2917 interpretamentum,
1042 2857 1107 2917 quo
1130 2843 1251 2918 deleto,
1275 2841 1501 2903 scribendum:

527 2936 601 3003 τοῦτ’
630 2936 707 3002 αὕτ’·
734 2953 796 3006 (v.
818 2958 844 3003 c.
869 2940 967 3020 ἔθηκα
991 2943 1043 3003 vel
1067 2941 1214 3021 ἔκρυψα)
1242 2937 1289 3002 dd’
1315 2938 1412 3019 ὀβολὼ
1435 2938 1491 3001 κτὲ.

395 3045 478 3106 Hoc
512 3045 649 3120 ipsum
681 3046 744 3112 (est
774 3044 858 3118 quod
890 3045 997 3118 diois);
1029 3048 1090 3105 eto.
1122 3044 1216 3107 Alter
1246 3044 1388 3105 fortasse
1410 3043 1540 3104 dixerat
1569 3043 1668 3102 Num

393 3145 623 3222 perdidisti
654 3145 900 3221 pecuniam?
930 3147 989 3205 aut
1020 3145 1141 3220 aliquid
1171 3145 1292 3207 simile.
1324 3144 1478 3206 Getarum
1505 3158 1670 3219 compare·

393 3251 447 3309 tur
476 3263 552 3309 oum
582 3246 706 3308 tradita
728 3246 869 3307 lectione
891 3248 989 3307 notus
1012 3245 1137 3308 Cratini
1167 3246 1365 3308 versiculus:
1393 3239 1502 3322 ,Τοῦτ’
1532 3242 1666 3308 (αὐτὰ)

393 3347 532 3428 προίττω”
567 3341 619 3408 τίκτ’
652 3345 729 3425 ἀνὴρ
760 3343 851 3408 οὐδὲν
884 3355 989 3408 ποιῶν.
1017 3381 1055 3391 -
1082 3348 1137 3408 VS.
1170 3349 1199 3409 2.
1231 3346 1376 3420 nivellam,
1405 3361 1464 3423 pro
1492 3362 1558 3422 quo
1586 3346 1669 3407 olim

392 3451 584 3527 suspicabar
613 3446 748 3524 ἀφείλετο
776 3448 829 3510 vel
852 3447 1001 3526 bordino,
1024 3465 1089 3511 non
1112 3450 1243 3511 videtur
1261 3448 1517 3510 sollicitandum.

349 3553 400 3613 Fr.
424 3555 477 3614 46.
502 3545 566 3628 μάλ’
592 3541 633 3610 εὖ.
657 3551 706 3611 Bl.
731 3551 786 3611 cil.
809 3550 954 3626 Theogn.
980 3552 1062 3626 5203
1094 3551 1229 3612 Tbeocr.
1253 3551 1363 3611 XXIV
1386 3551 1446 3623 93;
1478 3553 1512 3610 et
1534 3539 1567 3608 εὖ
1591 3547 1671 3626 μάλα

393 3653 515 3715 cratin.
541 3653 621 3726 27i'>;
646 3652 740 3713 Alex.
768 3652 840 3727 186,
864 3654 893 3713 6.
916 3652 1039 3727 Quibus
1057 3651 1139 3713 locis
1157 3652 1256 3713 multi
1275 3652 1350 3712 addi
1361 3654 1510 3728 possunt.
1529 3651 1671 3725 Respon-

392 3755 448 3815 det
476 3753 620 3816 formula
648 3753 802 3815 adverbio
830 3758 943 3814 nostro
975 3753 1085 3815 ilink
1116 3757 1149 3815 et
1172 3756 1282 3816 nescio
1307 3770 1348 3814 an
1371 3755 1424 3814 bic
1447 3768 1588 3831 quoque,
1612 3753 1670 3813 ubi

392 3850 455 3931 μάλ’
482 3844 522 3914 αὖ
546 3871 563 3916 e
586 3854 761 3916 Fritnschii
785 3855 867 3915 coni.
892 3856 1062 3930 rescripsit
1084 3855 1189 3932 Koclr,
1214 3858 1304 3916 recte
1326 3856 1452 3918 servari
1474 3855 1590 3930 possit.

348 3957 398 4018 lir.
423 3959 476 4018 47.
509 3957 570 4016 Pro
595 3954 703 4031 ὅρμου,
734 3955 806 4017 οοΙΙ.
834 3954 972 4017 Platone
995 3955 1073 4032 Rep.
1099 3958 1164 4017 420
1188 3957 1227 4031 B,
1253 3956 1331 4017 olim
1355 3956 1526 4018 tentabam
1550 3953 1669 4031 οίμοο

392 4054 536 4133 :idom
565 4071 653 4117 nunc
682 4057 730 4118 Bl.
763 4057 940 4117 violentius
964 4051 1037 4116 ὁδοῦ
1061 4059 1232 4136 καρούσης,
1254 4059 1339 4133 quod
1363 4060 1452 4119 certe
1475 4057 1612 4119 Pbotius
1635 4060 1671 4118 et

391 4159 508 4220 suidas
531 4173 596 4218 non
619 4159 780 4232 legerunt.
808 4157 967 4233 Quidquid
990 4160 1056 4233 est,
1081 4173 1197 4234 parum
1222 4158 1359 4233 arridet,
1383 4158 1469 4232 quod
1490 4157 1554 4233 ipsi
1576 4157 1669 4218 ridi·

392 4258 530 4320 culum
565 4259 703 4332 videtur,
746 4258 829 4319 mibi
871 4257 1111 4334 absurdum,
1144 4259 1262 4321 Koclrii
1295 4259 1470 4319 inventum
1505 4265 1669 4335 φορμοῦ.

390 4360 480 4420 ideae
504 4358 711 4420 coniecturae
734 4359 858 4433 obstat,
883 4358 968 4433 quod
988 4373 1052 4419 uno
1072 4359 1128 4420 illo
1148 4358 1297 4420 Platonis
1316 4358 1387 4419 loco
1405 4362 1542 4434 excepto
1559 4361 1670 4432 (quem

391 4459 619 4536 corrigendum
650 4462 745 4534 putat
767 4460 843 4534 Bl.),
876 4459 959 4534 apud
991 4461 1122 4520 Atticos
1156 4453 1240 4537 οἶμος
1271 4463 1323 4521 est
1349 4461 1480 4535 generis
1503 4459 1669 4537 feminini,

391 4575 491 4636 quare
521 4561 663 4621 tortasse
692 4561 780 4622 aliud
812 4561 903 4622 latet.
931 4594 970 4606 -
995 4561 1043 4621 Bl.
1076 4560 1336 4636 improbabiliter
1365 4559 1406 4631 εἰς
1438 4558 1572 4639 ἀτραπὸν
1598 4556 1669 4620 ἀπε-

390 4662 524 4740 φθάρην.
559 4664 645 4738 Apte
678 4663 733 4723 cit.
768 4661 954 4722 annianum
992 4661 1073 4737 ,Qui
1102 4662 1165 4721 sibi
1201 4663 1399 4722 semitam
1434 4676 1499 4723 non
1534 4661 1670 4736 sapiunt

390 4764 486 4825 alteri
507 4765 698 4825 monstrant
720 4762 864 4823 viam”.
889 4761 967 4822 Sine
991 4777 1092 4823 causa
1116 4765 1168 4838 51,
1195 4764 1214 4823 2
1239 4763 1326 4823 idem
1350 4759 1370 4840 ἢ
1394 4778 1452 4838 pro
1475 4759 1534 4822 nal.

345 4865 397 4927 Fr.
422 4867 464 4926 bb
488 4868 521 4927 et
544 4866 596 4926 db.
621 4865 758 4925 Formas
781 4863 900 4924 atticas
923 4865 957 4924 et
979 4865 1132 4938 antiquas
1155 4862 1307 4943 οφόμγοος
1327 4865 1360 4924 et
1379 4861 1474 4924 εἰτίοο
1492 4864 1667 4926 restituen-

389 4971 449 5027 das
482 4981 556 5028 esse
589 4966 657 5026 iam
685 4965 825 5026 antehac
853 4965 980 5039 monui,
1012 4966 1099 5026 siout
1130 4966 1231 5026 etiam
1255 4965 1294 5026 ir.
1320 4965 1361 5025 63
1392 4980 1448 5026 me
1470 4964 1571 5025 malle
1593 4958 1668 5040 ἡμῖν

387 5083 446 5142 pro
465 5061 549 5144 ἡμῶν
573 5069 607 5126 et
629 5065 674 5126 ibi
693 5067 726 5125 in
749 5065 788 5126 ir.
812 5065 936 5141 adesp,
962 5081 1061 5140 quem
1085 5067 1125 5127 ad
1150 5067 1343 5142 Anagyrum
1363 5067 1526 5128 referebat
1544 5064 1666 5142 Bergk,
