3778 5796
987 513 1029 570 34

392 695 463 755 Non
497 693 600 770 male,
632 694 690 754 sed
720 709 777 768 pro
806 701 882 773 γοῦν
911 694 1029 757 malim
1058 693 1123 775 γὰρ.
1154 695 1219 756 Vix
1250 697 1339 757 enim
1361 699 1449 758 recte
1471 703 1547 776 γοῦν
1571 717 1673 776 -γε

392 795 520 856 dicitur.

348 899 399 960 Fr.
424 899 476 974 21,
506 900 532 958 l.
558 890 656 978 μεγάλ’
682 893 752 956 ἅττα
775 912 834 972 pro
857 895 929 975 μετὰ
951 906 1051 958 ταῦτα.
1076 899 1124 961 Bl.

347 999 399 1061 Fr.
425 1001 477 1075 22,
504 1001 532 1060 1.
556 998 715 1081 στρατηγίᾳ
738 997 848 1074 πλήθει
871 1021 900 1060 τε
923 1008 983 1060 τῶν
1006 999 1182 1079 εὑρημάτων
1205 1001 1304 1062 idem.

347 1104 398 1163 Fr.
423 1102 476 1162 23.
502 1101 609 1177 ,Lege
627 1095 782 1178 Ἡράκλεις
805 1116 862 1176 pro
880 1095 1030 1180 Ἡρακλῆς
1052 1119 1111 1179 per
1133 1102 1446 1164 exclamationem’‘.
1471 1101 1593 1162 Nauck.

347 1203 398 1264 Fr.
423 1204 475 1263 26.
655 1199 744 1280 ψύρα
768 1195 797 1260 δ’
822 1201 882 1282 ἔχοι
904 1203 1112 1282 Συρακόσιον,
1133 1197 1180 1264 εἶτ’
1208 1200 1351 1282 ἐπιφανὲς

657 1301 738 1386 αύτῷ
761 1303 844 1382 τύχοι
866 1302 917 1364 καλ
940 1302 1015 1385 μέγα
1038 1305 1134 1367 κακὸν
1147 1352 1154 1366 .
1167 1353 1174 1366 .
1187 1351 1214 1365 ..

391 1405 530 1467 coniecit
551 1404 614 1480 BL,
638 1404 764 1480 reliqua
787 1422 863 1468 cum
887 1407 1011 1468 Kockio
1033 1409 1233 1469 scholiastae
1256 1407 1457 1468 adiudicare.

347 1509 398 1569 Fr.
423 1508 476 1569 32.
508 1507 545 1567 In
568 1506 685 1582 Vespifl
709 1507 773 1568 987
798 1510 832 1568 et
855 1509 918 1568 991
950 1504 967 1568 δ
990 1505 1174 1571 ἀπολύων
1196 1508 1338 1581 καδίσκος
1363 1511 1500 1570 vocatur
1522 1505 1539 1569 δ
1561 1509 1670 1570 ύστε-

390 1630 472 1688 ρος,
493 1603 509 1666 δ
533 1605 705 1677 διττολλύς
729 1623 807 1670 vero
830 1605 847 1668 δ
870 1609 1075 1689 πρότερος.

345 1713 396 1774 Fr.
421 1712 474 1772 33.
498 1709 611 1770 Nauck
633 1709 838 1785 praeferebat
860 1711 992 1788 Bergkii
1015 1712 1224 1774 coniecturae
1248 1712 1317 1774 cod.
1343 1710 1366 1772 0
1389 1711 1563 1774 lectionem
1586 1712 1670 1789 κτερί-

390 1816 476 1888 κοίε,
497 1811 669 1873 Schwerdt
692 1812 831 1873 coniecit
855 1812 1022 1889 περίπολος.
1047 1815 1144 1876 Facio
1168 1829 1243 1875 cum
1268 1813 1423 1874 Nauckio.

346 1915 397 1974 Fr.
421 1915 476 1974 34.
499 1921 637 1991 χρῆσται,
660 1914 697 1972 ut
720 1913 813 1974 Pher.
838 1913 869 1972 Π
893 1915 974 1990 299;
999 1915 1167 1991 aristoph.
1193 1916 1268 1976 362.
1293 1916 1341 1975 Bi.

347 2017 398 2078 Fr.
423 2018 475 2077 45.
775 2017 964 2094 Κορκοραῑαι
988 2010 1015 2076 δ’
1043 2012 1223 2077 οὐδὲν...

775 2113 987 2190 ἐπιβάλλουσιν
1010 2117 1157 2198 μα’στιγες.

434 2218 499 2278 Vix
528 2215 652 2278 sufficit
681 2217 798 2278 Kockii
821 2219 1091 2294 supplementum
1115 2217 1246 2298 μετρίας.
1270 2219 1390 2295 Aptius
1412 2219 1470 2279 sed
1494 2219 1581 2281 iuste
1604 2221 1673 2281 vio-

390 2319 513 2382 lentius
547 2318 595 2380 Bi.
631 2315 679 2396 μὰ
714 2311 770 2378 Δί’
807 2314 894 2382 <oin
926 2316 1040 2400 ὀλίγας,
1070 2337 1115 2382 sc.
1147 2319 1306 2401 πίηγοίς>,
1339 2321 1456 2383 malim
1487 2315 1515 2380 δ’
1548 2319 1592 2382 οὐ
1624 2319 1672 2397 δὴ

395 2418 572 2500 <μικρὰς>.

348 2523 398 2585 Fr.
425 2524 478 2585 53.
502 2519 701 2598 ταινιοκώίης
726 2521 934 2600 ineptissime
958 2523 1006 2584 Bl.

348 2626 398 2685 Fr.
424 2626 476 2685 53.
945 2623 997 2685 τὸν
1021 2623 1229 2705 Κλεόμβροτόν
1253 2646 1283 2686 τε
1305 2633 1373 2686 τοῦ

680 2719 829 2802 Πέρδικος
852 2723 929 2785 νλόν.

391 2828 492 2889 Recte
505 2842 564 2903 pro
575 2833 628 2886 τοῦ
641 2825 732 2886 Kock
744 2823 795 2886 τὸν
807 2826 957 2904 requirit,
972 2828 1029 2890 sed
1042 2828 1202 2904 comicus,
1228 2828 1262 2888 ni
1273 2827 1379 2906 fallor,
1393 2828 1528 2889 dederat
1537 2829 1672 2888 tantum

1093 2927 1302 3008 Κλεόμβροτόν
1325 2949 1355 2988 τι
1377 2926 1446 2989 τὸν

615 3025 763 3107 Πέρδικος
847 3021 850 3026 ’

391 3136 425 3196 et
454 3133 545 3209 prius
575 3129 626 3192 τὸν
655 3134 689 3192 et
715 3129 784 3191 οίόν
806 3131 971 3192 reddenda
993 3135 1072 3193 sunt
1095 3133 1280 3208 Athenaeo,
1306 3135 1343 3193 ut
1366 3131 1474 3193 eidem
1498 3129 1576 3192 olim
1599 3130 1671 3190 red·

390 3235 458 3297 didi
480 3235 621 3295 alterum
645 3225 726 3304 ολκος
749 3233 782 3292 in
805 3233 844 3295 ir.
870 3235 922 3294 63.

346 3338 398 3399 Fr.
423 3339 476 3398 53.
500 3334 686 3396 Incredibili
708 3334 848 3395 levitate
870 3333 918 3394 Bi.
941 3333 1089 3407 θυννίδος
1108 3351 1167 3411 pro
1184 3329 1322 3411 αὖξίδος,
1340 3347 1541 3409 quamquam
1560 3347 1670 3407 gram·

389 3438 533 3499 maticus
556 3437 591 3497 B.
605 3437 643 3497 Α.
666 3437 743 3512 464,
763 3437 782 3496 5
805 3435 927 3496 diserte
950 3439 1065 3497 monet
1088 3431 1196 3509 αὐξίδα
1219 3451 1292 3498 esse
1317 3450 1421 3511 genus
1443 3433 1600 3505 θυννίδος.

345 3541 397 3600 Fr.
422 3539 474 3613 53,
500 3540 530 3598 3.
554 3537 637 3598 Cum
661 3536 709 3596 Bi.
729 3535 905 3612 legendum
925 3537 1098 3621 Διοκλείδης,
1117 3538 1174 3598 sed
1194 3538 1318 3599 frustra
1335 3535 1494 3596 sollicitat
1512 3535 1552 3596 fr.
1566 3535 1619 3610 59,
1639 3537 1668 3596 1.

346 3642 396 3702 Fr.
422 3642 474 3701 63.
499 3638 626 3716 ὅσονπερ
650 3638 785 3699 Richter
807 3639 848 3699 ad
871 3637 968 3714 Vesp.
994 3656 1024 3715 p.
1053 3641 1128 3716 160,
1154 3640 1227 3701 coll.
1252 3640 1308 3714 aq.
1334 3640 1409 3700 797.
1434 3639 1544 3699 Mouet
1566 3637 1615 3697 Bl.

346 3743 397 3802 Fr.
422 3744 475 3802 66.
500 3740 571 3801 Vid.
596 3740 637 3801 ad
660 3739 699 3800 fr.
725 3742 777 3800 53.

345 3842 396 3903 Fr.
423 3843 474 3904 70.
498 3840 687 3916 tegendum
726 3839 851 3900 abiecto
890 3840 1031 3901 absurdo
1070 3841 1217 3903 dorismo
1251 3837 1382 3920 ἀνάγκα,
1416 3842 1494 3901 nato
1529 3854 1547 3899 ο
1581 3838 1674 3900 male

389 3943 556 4005 intellecto
580 3941 772 4017 pronomine
796 3938 816 3998 3

581 4039 600 4102 di
625 4037 653 4101 δ’
679 4040 827 4122 ἀνάγκη
847 4035 905 4100 ’στ’
931 4040 1060 4120 ἱερεῦσιν
1080 4044 1264 4121 καθαρεύειν
1288 4041 1454 4122 φράσομεν.

390 4145 453 4206 Vix
477 4147 565 4207 recte
588 4144 714 4220 Nauck,
738 4145 898 4219 probante
921 4144 987 4204 Bt:

582 4241 601 4303 ti
625 4239 652 4303 δ’
680 4238 813 4323 ἀνύγύ
840 4237 908 4303 ἐστ’
934 4245 1063 4320 ἱερεῦσιν
1086 4243 1142 4305 κτὲ.

390 4348 476 4422 quod
509 4349 558 4408 ita
590 4349 723 4408 tantum
753 4349 842 4406 recte
872 4361 908 4406 se
932 4346 1081 4424 haberet,
1107 4348 1137 4408 si
1163 4346 1347 4424 καθαρεύειν
1364 4369 1406 4395 =
1422 4343 1562 4424 καθαρὸν
1591 4337 1672 4404 εἶναι

389 4449 476 4510 idem
511 4450 600 4509 esset
634 4447 717 4522 quod
752 4444 918 4524 καθαίρειν.
954 4447 1039 4509 Ordo
1076 4449 1268 4509 verborum:
1304 4445 1459 4526 φράσομεν
1488 4446 1617 4523 ίερεοσιν
1650 4443 1671 4505 ἃ

390 4546 505 4629 ἀνάγκη
528 4545 607 4608 ἐστίν
630 4549 820 4626 καθαρεύειν.
851 4548 944 4608 Nunc
966 4550 1060 4610 video
1084 4566 1127 4610 ex
1150 4549 1367 4612 Addendis
1390 4566 1420 4625 p.
1446 4550 1510 4609 396
1535 4563 1670 4608 mecum

389 4651 497 4712 facere
520 4651 569 4712 Bl.

346 4753 397 4813 Fr.
423 4754 475 4814 74.
766 4750 947 4829 μισθώιριαι
971 4751 1012 4810 αἱ
1031 4756 1220 4832 γυναῖκες

478 4849 518 4925 ὣς
543 4852 700 4930 Φρύνιχος.
735 4852 815 4913 Poll.
839 4853 901 4913 VII
928 4855 1001 4914 131.

388 4953 460 5016 uon
494 4953 667 5015 delendum
699 4954 734 5013 αί
753 4969 829 5016 cum
863 4955 927 5030 Bi,
963 4955 1020 5015 sed
1055 4954 1090 5013 αί
1116 4959 1257 5033 γυναῖκες
1288 4955 1498 5016 tribuendum
1530 4950 1670 5014 Polluci.

389 5055 567 5118 Minoribus
589 5055 710 5115 litteris
733 5055 837 5115 editor
860 5070 898 5116 ea
921 5055 1064 5117 scribere
1087 5057 1254 5118 debuerat.
