3748 5792
988 507 1030 567 64

392 689 454 752 Sed
477 687 616 769 sufficit,
636 691 670 752 ni
690 689 798 766 tallor,
823 689 929 751 lenior
952 691 1127 752 correctio:
1152 683 1244 752 οἶσθύ
1266 711 1327 752 που
1348 687 1532 771 ΠαύτιιόοςΙ
1556 681 1668 754 cdli>

386 788 563 874 Ὑπέρβολος
585 789 786 869 κατεδήδοκεν
809 788 1000 868 τάκπώματα.

346 942 542 1026 Metagonio
565 943 604 1004 ir.
628 944 656 1019 1,
676 941 696 1001 2
728 943 854 1002 temere
877 937 934 1019 ἐμόν
955 956 1015 1016 pro
1035 939 1091 1020 γὰρ
1112 938 1155 1002 ὢν
1173 939 1238 1018 Bl.;
1270 945 1360 1006 racto
1386 959 1436 1004 vs.
1464 945 1479 1003 1
1504 942 1534 1002 τί
1555 959 1603 1004 σοι
1625 976 1669 988 -

391 1047 493 1108 Koch.
517 1077 561 1088 -
583 1043 665 1106 Cum
689 1059 738 1104 ve.
763 1044 783 1103 2
808 1043 857 1104 Bl.
883 1045 1053 1119 comparat
1074 1043 1222 1119 Polyaeli
1244 1045 1284 1106 ir.
1309 1047 1339 1106 7.

347 1148 398 1210 Fr.
423 1149 453 1222 2,
479 1150 508 1209 2.
533 1147 581 1208 Bl.
605 1143 623 1205 ό
645 1167 672 1204 τι
694 1148 807 1207 tuetur
830 1144 951 1206 collato
974 1146 1030 1207 Ar.
1055 1145 1138 1207 Nub.
1163 1147 1240 1208 348.

345 1251 398 1312 Fr.
421 1252 453 1326 4,
479 1251 508 1310 3.
541 1247 603 1309 cit.
633 1247 682 1308 Bl.
707 1246 761 1307 Ar.
786 1245 867 1308 Nub.
893 1247 969 1320 978,
1001 1250 1090 1309 recte
1121 1248 1307 1324 improbata
1333 1248 1451 1310 Kocirii
1473 1249 1671 1310 coniectura

389 1352 482 1412 Idem
495 1365 632 1425 carpens
644 1347 837 1423 Bergkium,
851 1348 936 1421 quod
950 1363 998 1408 vs.
1013 1349 1032 1408 2
1052 1364 1109 1423 pro
1130 1347 1185 1428 ούχ
1205 1349 1345 1412 coniecit
1362 1340 1448 1427 αὖθ’,
1466 1351 1543 1425 quia
1553 1349 1624 1410 scii.
1637 1350 1672 1410 in

390 1453 553 1515 trimetris
574 1452 637 1512 hoc
659 1450 768 1511 locum
791 1464 857 1510 non
880 1447 1013 1526 haheat,
1039 1450 1211 1513 confundit
1234 1453 1403 1513 trimetros
1423 1467 1499 1513 cum
1518 1452 1673 1512 hexame-

389 1555 461 1616 tris.
491 1553 577 1614 Vera
605 1552 735 1613 videtur
764 1550 895 1626 Bergkii
926 1551 1103 1646 correctio,
1136 1553 1201 1614 nisi
1231 1554 1316 1615 forte
1340 1555 1489 1629 praestat
1511 1549 1582 1613 vovi
1603 1557 1674 1628 (pro

389 1661 458 1726 νῦν)
489 1649 517 1714 δ’
542 1652 625 1731 ύμῖν,
653 1652 762 1714 deleta
790 1653 980 1729 negatione,
1009 1668 1093 1728 quae
1117 1657 1272 1731 corrupto
1295 1655 1408 1716 versui
1431 1656 1532 1716 inseri
1554 1655 1673 1730 potuit.

391 1758 497 1818 Minus
519 1754 640 1832 placet,
664 1755 750 1828 quod
774 1753 1020 1815 dubitabundus
1038 1770 1199 1833 propono,
1225 1746 1282 1816 οὖν
1301 1771 1360 1831 pro
1380 1754 1450 1834 ούχ;
1469 1771 1531 1818 nec
1548 1755 1672 1830 accipio

389 1858 505 1920 Kochii
528 1856 643 1918 tuendi
665 1855 878 1931 negationem
903 1857 1090 1917 conamina.

344 1960 396 2022 Fr.
421 1963 452 2036 6,
477 1961 507 2020 3.
531 1958 639 2020 Verba
664 1953 743 2018 ὠθεῖ
768 1963 849 2034 κῦμα
872 1955 954 2018 locis
976 1957 1126 2034 Homeri,
1160 1957 1215 2019 Ar.
1239 1958 1297 2032 Eo.
1323 1959 1403 2035 692,
1427 1958 1540 2020 Alcaei
1562 1957 1601 2018 ir.
1627 1957 1669 2017 20

388 2061 535 2122 illustrat
556 2059 606 2120 Bl.
631 2093 672 2104 -
697 2058 754 2121 Vs.
778 2061 797 2120 6
822 2055 871 2137 ῥεῖ
889 2057 1052 2118 τενθιδί
1059 2075 1139 2119 οισι
1162 2060 1375 2146 protendisse
1395 2055 1499 2130 ὀπταῖς
1518 2059 1670 2120 obritio·

389 2179 463 2224 sam
482 2177 655 2223 caesuram
673 2160 791 2220 suadet
810 2159 912 2234 idem,
932 2158 1011 2220 licet
1029 2175 1089 2236 pro
1108 2159 1255 2235 vulgatis
1275 2160 1671 2222 iaciantliubui.111212

389 2265 580 2326 hnaxandr.
610 2264 658 2323 III
685 2263 761 2338 184,
793 2261 850 2322 Ar.
874 2260 915 2321 ir.
939 2261 1019 2338 302,
1045 2263 1064 2321 3
1095 2261 1204 2338 Dind,
1236 2277 1319 2336 qnos
1349 2263 1439 2324 iocos
1466 2262 1564 2323 affert
1585 2263 1670 2336 ipse,

390 2383 449 2428 nec
483 2365 579 2440 (quod
613 2366 713 2426 etiam
748 2363 884 2438 gravius
914 2365 977 2433 esti
1013 2358 1117 2435 ὀπταῖς
1146 2364 1219 2424 sine
1251 2364 1372 2425 damno
1407 2363 1523 2425 abesse
1553 2363 1670 2438 possit.

389 2469 477 2530 Num
512 2467 614 2542 igitur
648 2466 784 2527 exclusa
817 2465 870 2525 est
905 2462 990 2524 lenis
1024 2465 1183 2527 correctio
1218 2462 1268 2544 ῥεῖ
1292 2459 1443 2526 τεοθίσ’
1475 2460 1603 2537 ducah?
1628 2498 1669 2510 —

388 2571 445 2632 Vs.
473 2572 523 2630 11.
549 2569 635 2630 Olim
660 2567 787 2628 correxi
813 2562 1004 2644 περινέουσιν
1027 2580 1087 2642 pro
1110 2565 1316 2646 περινύούοιν.

348 2673 400 2734 Fr.
426 2673 456 2733 7.
481 2663 511 2730 δ’
536 2670 652 2731 abesse
675 2667 773 2729 malit
795 2666 844 2727 Bl.

345 2775 396 2835 Fr.
421 2774 452 2834 9.
477 2769 627 2851 ξομκόψαι
658 2766 884 2846 ottoboniano
914 2769 978 2830 duo
1001 2769 1190 2844 fragmenta
1214 2769 1304 2830 ducit
1327 2769 1424 2830 idem.
1457 2767 1672 2829 'testimoniis

388 2873 503 2934 Nauck
526 2871 617 2934 addit
639 2871 688 2932 iit.
714 2885 825 2944 magn.
849 2885 879 2944 p.
905 2870 980 2946 733,
1010 2871 1060 2931 10.

344 2976 396 3036 Fr.
424 2976 475 3052 10,
502 2975 532 3035 2.
563 2971 669 3056 πρῴην
700 2973 779 3032 ante
801 2969 935 3050 προδούς
965 2971 1104 3046 proclivi
1136 2985 1246 3033 errore
1276 2972 1402 3047 perisse
1433 2971 1513 3033 oiim
1538 2951 1694 3032 conieci'

387 3077 435 3138 Bi.
464 3072 509 3140 <b
532 3072 788 3153 καταπροδοὺς,
806 3074 866 3133 aut
889 3071 1019 3136 <οἰκεῑ>
1042 3072 1193 3152 προδούς,
1210 3073 1271 3133 aad
1287 3069 1422 3132 ἐνταῦθα
1441 3073 1669 3134 uouoohaerct

388 3194 464 3240 cum
494 3175 836 3257 immitissimae).
869 3173 1068 3250 corruptum
1099 3189 1173 3236 esse
1197 3171 1330 3253 ξενικόν,
1353 3174 1438 3250 quod
1459 3177 1556 3250 putat
1577 3174 1671 3236 Koclr

387 3277 517 3354 ξένοισιν
550 3279 715 3341 coniciens
747 3274 824 3346 (alia
855 3275 1007 3352 proponit
1036 3276 1085 3338 Bl.
1110 3276 1205 3338 Add.
1230 3291 1261 3352 p.
1286 3277 1377 3353 327),
1413 3276 1669 3351 haudquaquam

387 3383 472 3443 mihi
505 3383 689 3442 constat-
709 3377 823 3451 quidni
852 3377 941 3438 enim
973 3378 1247 3453 peregrinum
1278 3377 1361 3438 lori
1384 3378 1554 3452 signum
1577 3379 1669 3438 recte

386 3484 515 3546 dicatur
545 3483 646 3558 Lyco,
678 3493 776 3554 quem
807 3494 850 3540 ex
873 3479 965 3541 Ionia
987 3480 1162 3540 oriundum
1196 3479 1299 3539 luisse
1329 3479 1466 3540 tradidit
1488 3479 1671 3540 scholiasta

387 3585 560 3647 Platonis?
596 3582 737 3644 Versum
775 3580 831 3641 alii
859 3581 956 3641 aliter
986 3582 1132 3657 tentant,
1168 3580 1217 3640 Bl.
1253 3573 1467 3660 <θι’>ἀμορᾱς
1497 3579 1671 3660 πορεύεται,

386 3687 493 3748 Naber
522 3693 634 3745 <vov>
662 3680 691 3743 τί.
710 3701 755 3760 π,
778 3682 836 3742 sed
859 3682 936 3756 quia
959 3678 1071 3761 ἀγορᾶς
1090 3679 1208 3761 ἄγαλμα
1228 3681 1376 3757 Euripidi
1395 3681 1582 3743 subiectum
1604 3683 1668 3758 est,

386 3791 510 3852 mirum
532 3804 598 3851 non
620 3789 673 3848 est
694 3786 827 3861 poetam
851 3783 976 3858 tragico
996 3799 1088 3845 more
1108 3782 1232 3844 dixisse
1253 3779 1446 3863 ἐμπορεύεται
1463 3797 1522 3858 pro
1544 3781 1669 3862 πορεύε-

385 3914 441 3951 ται.
464 3890 553 3952 Nihil
576 3891 677 3965 igitur
701 3885 891 3947 novandum
915 3887 975 3945 ost.

342 3993 394 4055 Fr.
421 3995 471 4071 13,
496 3994 526 4053 2.
550 3993 596 4052 De
619 3986 761 4050 formula
783 3983 862 4062 πλὴν
885 3979 929 4062 ἄρ’
955 3983 981 4044 εἰ
1002 3983 1051 4044 Bi.
1076 3985 1131 4045 cit.
1155 3986 1213 4047 Ar.
1237 3985 1297 4045 Av.
1323 3986 1398 4047 601.
1431 3985 1564 4047 Thesm.
1589 3986 1667 4047 532.

387 4094 470 4155 Xen.
500 4092 585 4154 Hell.
616 4089 661 4151 IV
685 4090 715 4164 2,
741 4089 793 4148 21.
820 4086 947 4146 —Pro
977 4082 1077 4145 νόθον
1106 4089 1232 4147 temero
1261 4086 1349 4147 idom
1380 4089 1519 4148 coniecit
1547 4083 1669 4165 τέκνον,

387 4197 444 4255 aut
478 4193 629 4265 (absurde
663 4191 702 4251 de
736 4188 870 4249 homine
901 4185 1025 4256 adulto)
1052 4183 1176 4270 βρέφος.
1210 4188 1279 4248 Nisi
1310 4188 1416 4267 fallor,
1445 4192 1600 4250 neutrum
1632 4186 1668 4248 τό

385 4292 484 4355 νόθον
508 4309 566 4370 pro
590 4288 607 4352 ό
629 4291 724 4364 νόθος
748 4305 824 4351 cum
848 4291 1037 4363 contemptu
1062 4288 1187 4349 dictum
1210 4291 1271 4351 est.

342 4396 394 4458 Fr.
422 4397 472 4457 16.
496 4396 558 4456 Pro
581 4393 695 4454 ούνοο
719 4390 843 4454 conieci
865 4388 1006 4465 iidvoo,
1029 4404 1095 4449 non
1119 4390 1220 4451 etiam
1245 4389 1365 4468 οόθνοο,
1387 4394 1425 4453 ut
1447 4393 1496 4452 ait
1518 4391 1581 4468 Bi„
1606 4392 1666 4452 sed

387 4497 536 4558 dicebam
554 4495 651 4555 όόνου
672 4495 816 4571 primum
837 4492 870 4550 in
890 4488 1011 4565 οῗδνοο,
1030 4505 1114 4564 quae
1130 4491 1261 4565 sequior
1272 4493 1437 4569 scriptura
1448 4493 1527 4554 alibi
1538 4507 1667 4568 quoque

386 4599 533 4674 apparet,
559 4597 675 4658 deinde
693 4597 726 4656 in
750 4593 836 4653 οἴνου
859 4607 933 4653 esse
952 4591 1179 4667 depravatum.
1200 4593 1297 4654 Certa
1319 4595 1450 4656 videtur
1468 4595 1664 4657 emendatio.

341 4743 533 4814 Strahtldis
556 4747 595 4808 fr.
623 4748 651 4822 1,
678 4747 706 4806 1.
741 4743 972 4805 Audacissime
1001 4742 1051 4803 Bl.
1082 4740 1119 4802 οὐ
1151 4740 1230 4819 μέλει
1261 4765 1312 4821 μοι
1342 4745 1503 4825 δραμάτων
1526 4762 1584 4822 pro
1607 4744 1663 4805 οὐκ

384 4846 505 4928 ἐμέλησέ
534 4869 585 4926 μοι
615 4851 721 4925 μελῶν.
752 4845 824 4905 Nou
852 4847 966 4905 tamen
996 4844 1117 4905 iniuria
1147 4845 1256 4907 haesit
1278 4847 1312 4908 iu
1336 4850 1468 4924 μελῶν.
1492 4849 1578 4909 Num
1602 4847 1665 4908 fuit

385 4949 436 5012 καδ
465 4960 524 5012 τῶν
554 4946 608 5029 μὲν
638 4945 737 5009 ditus
767 4943 824 5005 οὐκ
855 4941 977 5024 ἐμέλησέ
1002 4966 1054 5022 μοι
1076 4945 1175 5023 μάλα
1199 4947 1252 5008 vel
1277 4945 1386 5029 μέγα,
1410 4951 1451 5008 et
1474 4950 1664 5024 reliquos

386 5054 490 5124 (sive
514 5053 686 5127 reliqua)
710 5047 878 5124 quidem
901 5061 980 5107 non
1005 5046 1131 5108 valde
1154 5051 1276 5110 curo?
