3748 5792
958 482 1020 542 120

484 671 503 728 5
529 669 560 726 Β.
583 669 714 746 γλαῦκον
738 663 837 745 λέγεις.
862 669 899 725 A.
923 663 1063 746 ἔγνωκας.
1092 668 1154 728 <st
1178 662 1250 726 dito
1277 689 1327 744 μοι
1351 664 1456 746 λέγε).

531 773 565 828 Α.
594 764 736 840 (λέξω).
760 761 816 845 μετ’
843 765 943 827 αὐτῶν
965 762 993 826 θ’
1020 764 1096 827 εἰσίν
1119 765 1273 843 ἐκπρεπεῖς
1296 767 1391 844 φύσιν

527 870 562 931 οί
582 871 800 948 ξανθοχρῶτες,
822 865 858 942 ἃς
880 869 1000 930 κλύδων
1024 868 1203 942 Αίξωνιιιοῖς

527 980 632 1032 πασῶν
654 968 775 1050 ἀρίστας
799 968 831 1032 ἐν
854 969 956 1043 τόποις
978 970 1159 1032 παιδεύεται·

528 1065 575 1145 αίς
597 1070 647 1133 καί
670 1071 748 1133 θεὰν
771 1082 877 1148 τιμῶσι
899 1071 1066 1150 φωσφόρον
1088 1071 1199 1150 κόρην,

465 1176 504 1234 10
528 1173 658 1234 δείπνων
682 1172 754 1234 ὅταν
776 1170 915 1250 πέμπωσι
938 1174 1020 1252 δῶρα
1047 1173 1188 1234 ναυτίλοι.

530 1277 562 1334 Β.
585 1275 701 1356 τρίγλας
720 1272 821 1354 λέγεις.
849 1280 915 1338 <A.
939 1272 1079 1353 ἔγνωκας.
1105 1275 1136 1333 Β.
1161 1270 1232 1333 ἄλλο
1256 1295 1306 1351 μοι
1330 1272 1434 1355 λέγε).

534 1381 625 1437 <Α.>
653 1376 877 1456 χαλακτόχρωτα
900 1375 1001 1454 (χροός
1025 1397 1053 1436 τε
1077 1375 1180 1444 Kock)
1204 1374 1328 1446 Σικελός
1351 1369 1387 1434 liv
1407 1371 1537 1454 πήγνυσ’
1562 1373 1642 1453 ὄχλος

371 1682 408 1742 in
432 1683 561 1744 ultimis
584 1699 661 1744 vero
684 1682 853 1758 ingeniose
877 1683 1059 1743 coniciens:

997 1778 1033 1842 ὃν
1056 1777 1186 1863 πήχννσ’
1213 1780 1296 1862 ὄχλος

528 1884 710 1964 θρόμβον
781 1909 1241 1937 ιιιιι

532 1988 592 2046 (Β.
627 1984 718 2064 τυρὸν
742 1985 842 2066 λέγεις.
866 1993 903 2049 A.
927 1985 1068 2069 ἔγνωκας.
1094 1989 1125 2046 Β.
1150 1984 1222 2046 όίλλο
1247 2008 1297 2064 μοι
1322 1983 1426 2064 λέγε).

327 2088 357 2148 si
378 2102 492 2148 verum
512 2089 607 2164 vidit,
628 2089 749 2150 erroris
767 2091 876 2165 arguit
895 2091 1118 2164 Athenaeum,
1139 2103 1237 2162 quem
1254 2086 1365 2167 ῥόμβος
1376 2085 1498 2161 legisse
1510 2087 1645 2146 constat.

416 2189 517 2251 Recte
541 2190 576 2251 0.
590 2189 725 2251 Grusius
755 2193 961 2268 comparavit
987 2192 1149 2268 Epicratis
1172 2191 1210 2251 ir.
1237 2191 1301 2250 709
1325 2191 1360 2250 et
1382 2188 1470 2248 Suid.
1495 2202 1535 2247 ac
1556 2186 1644 2246 Phot.

373 2306 444 2352 su.
468 2291 678 2365 θυννάζοντες.
704 2326 744 2336 -
769 2293 875 2356 Verbo
904 2288 1034 2373 πήγνυτ’
1066 2289 1150 2371 ὄχλος
1174 2292 1294 2367 duplici
1319 2291 1508 2352 coniectura
1532 2287 1645 2348 violen-

374 2392 505 2454 tissima
527 2394 652 2456 trustra
674 2393 833 2456 sollicitat
855 2395 1007 2471 Blaydes.

329 2588 495 2658 Alexidis
518 2593 556 2654 ir.
585 2596 612 2670 1,
639 2595 669 2656 2.
693 2594 809 2674 πράσον
832 2611 889 2671 pro
912 2595 1012 2675 λίτρον
1032 2596 1157 2656 frustra
1179 2595 1227 2656 Bl.

330 2695 381 2754 Fr.
406 2696 435 2770 2,
458 2697 488 2756 7.
512 2695 603 2756 idem
627 2695 794 2776 ψυκτήριον
818 2714 875 2774 pro
893 2697 1108 2777 ψυκτηρίδιον,
1131 2697 1225 2758 cuius
1248 2693 1532 2771 antepaenultima
1554 2691 1648 2765 longa

374 2796 429 2856 sit.
455 2829 494 2840 -
520 2796 575 2858 Vs.
600 2798 631 2858 8.
656 2797 718 2859 cit.
743 2798 893 2859 Menand.
919 2799 963 2858 IV
989 2799 1062 2860 180.

330 2896 381 2957 Fr.
406 2898 436 2957 4.
462 2891 489 2957 δ’
516 2889 604 2970 οὗτος
627 2897 711 2977 φόρει
734 2915 799 2961 non
823 2900 911 2960 male
935 2899 984 2962 Bi.

330 2997 382 3058 nr.
407 3001 436 3074 5,
463 2999 493 3059 2.
524 2997 743 3078 ὑπερθύουσαν
773 3017 892 3062 sanum
924 3016 998 3062 esse
1029 3001 1125 3063 hodie
1153 3001 1262 3076 credo,
1288 3000 1366 3060 licet
1388 2998 1492 3071 θύειν,
1515 2999 1646 3057 aestu·

374 3099 472 3159 audi
507 3115 606 3161 sensu
640 3102 785 3177 positum
820 3117 984 3176 nusquam
1019 3103 1098 3162 alibi
1132 3103 1167 3162 in
1197 3101 1366 3162 comoedia
1397 3099 1563 3175 appareat,
1593 3094 1648 3155 sed

374 3201 500 3274 tragica
525 3204 809 3278 grandiloquentia
835 3205 887 3264 hic
910 3205 1019 3279 potuit
1042 3203 1199 3265 affectari.
1224 3202 1376 3264 Ceterum
1397 3217 1435 3261 eo
1454 3213 1554 3259 sensu
1575 3210 1652 3257 vera

375 3298 466 3362 verbi
496 3302 603 3364 forma
632 3305 705 3364 eol
712 3326 770 3364 ειν
804 3306 942 3382 videtur,
975 3321 1059 3380 quae
1087 3305 1187 3366 etiam
1212 3303 1353 3365 traditur
1375 3303 1408 3362 in
1433 3300 1538 3361 altero
1562 3297 1650 3358 verbi

375 3404 550 3477 compositi
580 3407 746 3483 exemplo,
779 3407 863 3481 quod
895 3408 1083 3483 nuperrime
1117 3406 1236 3481 prodiit
1269 3420 1311 3467 ex
1341 3402 1504 3464 Timothei
1535 3398 1650 3460 Milesii

375 3504 485 3563 Persis
521 3520 569 3566 VS.
603 3508 644 3568 75
680 3505 743 3567 ἐπεί
778 3502 804 3566 δ’
843 3505 1008 3586 ἆμβόλιμος
1042 3506 1121 3585 ἅλμα
1152 3506 1295 3585 στόματος
1335 3501 1577 3582 ὑπερίθυιεν
1617 3499 1650 3560 in

375 3620 497 3681 papyro
528 3607 715 3669 Alexandro
751 3623 873 3684 magno
903 3609 1031 3683 aequali
1063 3611 1121 3670 aut
1149 3610 1250 3670 etiam
1282 3607 1472 3669 vetustiore.
1509 3603 1650 3664 Verbum

375 3702 556 3784 inspectum
579 3709 672 3769 deest
695 3710 787 3784 Papii
810 3710 925 3770 lexico.

331 3807 383 3868 llr.
408 3809 438 3884 9,
464 3809 493 3869 2.
518 3809 539 3869 l.
564 3807 744 3886 ηὑρημένον.
770 3844 810 3855 -
835 3811 891 3871 Vs.
916 3813 947 3872 9.
971 3809 1296 3887 n6109=oopudocov
1320 3808 1370 3879 (cf.
1399 3810 1460 3877 11).
1484 3807 1549 3866 Vix
1572 3819 1651 3879 opus

376 3909 494 3969 Naberi
524 3912 712 3973 coniectura
739 3910 856 3991 τρόπος.
880 3945 919 3956 -
945 3912 1000 3971 Vs.
1027 3913 1078 3972 12.
1102 3911 1230 3972 Ultima
1253 3910 1353 3972 verba
1375 3909 1471 3970 alteri
1493 3919 1652 3983 personae

377 4024 441 4069 non
464 4009 570 4071 Nabar
595 4013 655 4082 (sic
677 4012 752 4088 Bi),
777 4013 835 4073 sed
859 4028 918 4088 ego
942 4012 1052 4073 tribui.

333 4110 384 4169 Fr.
412 4111 461 4185 15,
488 4112 518 4171 7.
568 4113 601 4170 Β.
625 4103 669 4190 ἆρ’
695 4103 733 4189 ἦν
757 4112 828 4191 μετὰ
850 4108 937 4174 ταῦθ’
963 4109 982 4190 ἡ
1006 4112 1142 4193 ῥάφανος
1166 4109 1212 4190 ἣν
1236 4112 1387 4191 {ficum
1410 4115 1447 4171 A.
1472 4112 1530 4171 ναί.

564 4211 675 4290 χρηστὴ
697 4212 753 4293 γὰρ
776 4205 824 4291 ἦν.
848 4217 882 4276 Β.
908 4213 1004 4274 ίόωκα
1028 4214 1137 4291 ταύτης
1161 4209 1208 4275 (λύ’
1237 4209 1364 4293 ὀβολούς
1388 4208 1530 4293 (ὀβολώῗ)

568 4318 604 4372 A.
628 4313 656 4373 τί
676 4312 746 4395 γὰρ
771 4313 918 4394 {domum
942 4319 974 4374 Β.
998 4315 1030 4376 τὸ
1054 4315 1163 4394 κύβιον
1185 4315 1358 4395 τριωβόλου.

378 4413 613 4488 corrigendum
637 4415 666 4474 τί
686 4407 758 4492 τᾶρ’
785 4421 841 4488 (τοι
865 4411 922 4496 ἄρ’)
947 4417 1095 4495 {dodum

420 4514 691 4589 indignabundus
729 4518 817 4577 enim
855 4518 1023 4578 exclamat
1051 4519 1133 4579 haec
1163 4533 1303 4595 persona
1332 4519 1429 4595 prior,
1460 4518 1497 4576 ut
1527 4515 1651 4576 audivit

377 4615 557 4676 brassicam
581 4618 674 4676 tanto
697 4618 801 4692 pretio
825 4619 1023 4679 constitisse.
1048 4619 1094 4680 De
1117 4620 1179 4680 hoc
1198 4620 1287 4681 verbi
1307 4621 1384 4698 βοᾶν
1403 4635 1465 4681 usu
1488 4618 1530 4679 ci.
1550 4619 1649 4678 etiam

378 4716 580 4802 Philemonis
603 4717 641 4778 fr.
667 4718 720 4793 41,
746 4720 764 4778 5
789 4715 884 4796 ίβόων
909 4713 936 4778 δ’
963 4718 1092 4791 ἅπαντες
1118 4718 1177 4796 »ὡς
1201 4719 1324 4800 ἀγαθὴν
1347 4719 1445 4799 ἅλμην
1468 4720 1648 4791 ποιεῖς.”-

379 4818 432 4877 Vs.
450 4819 498 4878 13.
521 4819 568 4878 lix
581 4819 687 4880 titulis
711 4820 822 4881 atticis
841 4819 1014 4898 τέθηκας
1033 4823 1277 4884 rescribendum
1295 4839 1368 4884 esse
1380 4824 1460 4885 olim
1472 4821 1596 4883 monui.
1610 4853 1647 4864 —

378 4922 434 4983 Vs.
461 4925 500 4981 14

613 5025 644 5082 Β.
670 5018 685 5081 ὁ
709 5023 912 5102 ταριχοπώλης
935 5020 1050 5082 ἐστίν·
1074 5021 1172 5085 ἐλθὼν
1196 5025 1368 5086 πυνθοίνου.
