3718 5788
936 427 999 486 160

348 615 483 676 losum
510 613 708 690 propriae
731 611 853 672 filiae
877 611 1084 672 absentis.
1110 613 1180 672 Non
1206 613 1389 674 audiendus
1413 617 1466 674 est
1489 615 1540 676 Bl.
1568 631 1643 690 pro·

349 731 473 792 ponens
496 711 613 790 ἑαυτῆς.

305 819 355 878 Fr.
383 819 456 878 257.
983 805 1007 873 ὦ
1029 813 1151 894 μεγίστη
1174 823 1234 874 τῶν
1256 819 1339 876 θεῶν

615 923 672 975 νῦν
695 905 758 975 οὖν’
784 909 906 974 ἀναίδει’
932 913 972 985 (εἰ
992 914 1068 975 θεὸν
1090 919 1192 974 καλεῖν
1215 932 1247 974 σε
1271 916 1324 975 δεῖ.

614 1005 664 1065 δεῖ
681 1000 724 1063 tl·
749 1001 781 1063 τὸ
805 1011 936 1082 κρατοῦν
959 1003 1015 1083 γάρ
1039 1013 1097 1064 νῦν
1121 1003 1269 1081 νομίζεται
1291 1005 1383 1078 θεάς.)

615 1099 659 1183 ἐφ’
686 1103 759 1165 ὅσον
780 1105 925 1183 βαδίζεις,
948 1101 992 1180 ἐφ’
1020 1104 1092 1166 ὅσον
1115 1105 1198 1183 ἥξειν
1220 1129 1271 1183 μοι
1294 1107 1401 1179 δοκεῖς.

348 1213 412 1288 lta,
448 1210 482 1270 in
517 1209 706 1285 parenthesi
741 1208 859 1284 positis
890 1208 1001 1268 verbis
1032 1207 1056 1268 ri
1082 1206 1234 1285 -θεός,
1264 1212 1397 1286 omnia,
1423 1213 1460 1272 ut
1491 1214 1640 1273 antebac

348 1313 474 1388 monui,
500 1311 623 1386 optime
647 1310 833 1370 decurrunt.
863 1309 1013 1371 Pessime
1036 1311 1085 1370 Bl.
1112 1325 1160 1370 vs.
1185 1314 1340 1384 quartum
1364 1328 1500 1387 prorsus
1524 1330 1638 1376 neces·

347 1415 472 1475 sarium
496 1412 647 1488 spurium
670 1425 744 1471 esse
768 1411 951 1471 existimat.

305 1517 356 1576 Fr.
381 1517 455 1576 250.
658 1508 903 1588 ἕπτθνμίοας
927 1522 974 1594 τῷ
1000 1509 1124 1594 Βορέα
1148 1512 1256 1573 ἴδιον

660 1609 791 1690 ὀψάριον
814 1608 906 1673 οὐδὲν
930 1611 1053 1691 ἔλαβον,
1076 1611 1181 1691 ἑψήσω
1205 1622 1318 1691 φακῆν.

347 1719 384 1778 ln
419 1718 525 1794 priore
561 1731 657 1776 versu
694 1715 837 1790 pessime
872 1713 1018 1776 mulcato
1053 1719 1142 1776 recte
1172 1716 1221 1777 Bl.
1253 1717 1394 1777 Bentleii
1424 1721 1637 1781 coniecturae

348 1821 503 1896 probatae
537 1816 659 1877 Cobeto
697 1816 925 1893 <lapav>ldrov
959 1817 1104 1879 obvertit
1139 1817 1302 1879 Graecum
1336 1834 1410 1879 esse
1444 1821 1635 1898 ινβανώτιον.

350 1921 408 1981 Oui
442 1921 664 1981 observationi
699 1920 728 1978 si
758 1920 969 1980 coniunxeris
999 1920 1124 1980 iustam
1156 1921 1273 1980 Kockii
1305 1921 1345 1980 de
1376 1921 1428 1981 bis
1459 1923 1636 1984 sacrifieiis

350 2023 606 2098 dubitationem,
638 2021 780 2082 sortasse
811 2020 871 2080 tibi
901 2021 1088 2082 satisfaciet
1110 2025 1208 2085 vetus
1232 2035 1308 2082 mea
1329 2025 1510 2100 sententia,
1533 2041 1636 2098 quam

350 2126 389 2186 de
420 2139 511 2184 more
543 2123 672 2198 ignorat
701 2123 764 2196 Bt,
798 2123 937 2182 Boream
967 2122 999 2181 h.
1024 2122 1045 2182 l.
1078 2124 1176 2183 deum
1207 2138 1273 2184 non
1300 2138 1387 2200 esse,
1414 2125 1470 2186 sed
1493 2127 1634 2201 piscato·

351 2243 420 2288 rem
433 2228 469 2297 (i)
494 2225 727 2286 Menandreum
751 2225 892 2284 dixisse:

661 2323 745 2386 ἐπεὶ
765 2321 1020 2404 ’probareris
1044 2336 1091 2408 τῷ
1115 2325 1233 2410 βορέᾳ
1260 2325 1303 2404 νὴ
1326 2326 1393 2388 τὸν
1418 2327 1491 2386 Δία

659 2423 789 2505 ὀψάριον
812 2425 904 2488 οὐδὲν
927 2425 1046 2506 ἔλαβον,
1072 2425 1175 2504 ἑψήσω
1200 2435 1311 2506 φακῆν.

352 2531 527 2607 inquibus
552 2527 589 2606 νὴ
613 2527 664 2589 τὸν
688 2529 747 2588 Δία
772 2530 937 2604 Heringae
962 2530 1109 2590 debetur.

394 2633 547 2694 Ceterum
572 2632 649 2705 quia
670 2629 779 2709 ἔλαβον
801 2632 965 2706 frequenti
992 2633 1192 2692 comicorum
1218 2647 1280 2692 usu
1305 2633 1405 2692 etiam
1430 2635 1509 2693 emi
1533 2635 1633 2709 signi-

350 2735 446 2796 ficare
481 2736 602 2809 potest,
639 2734 802 2794 ineertum
838 2736 890 2794 est
924 2737 1035 2794 utrum
1068 2734 1148 2794 baec
1178 2734 1266 2794 dieat
1295 2735 1448 2809 piscator,
1481 2750 1522 2795 an
1547 2735 1634 2795 alius

348 2837 471 2910 quivis,
514 2835 569 2909 qui
609 2839 773 2912 queratur,
814 2836 1045 2911 praepediente
1077 2837 1176 2896 borea
1206 2839 1390 2912 capturam,
1427 2837 1536 2911 pisces
1565 2852 1632 2897 non

351 2938 454 2998 fuisse
478 2936 622 2996 venales.

307 3039 358 3099 Fr.
384 3040 459 3098 261.
485 3037 621 3098 Temere
646 3038 694 3098 Bl.
719 3041 832 3112 μᾶλλον
856 3054 913 3113 pro
936 3037 1052 3109 πάντες.

308 3141 358 3200 dr.
384 3141 458 3200 262.
949 3138 1038 3219 ἔργον
1061 3137 1093 3198 ἐκ
1115 3143 1228 3199 πολλοῦ
1252 3139 1362 3218 χρόνον

706 3237 815 3300 άνοιαν
838 3236 933 3323 ἡμέρα
957 3249 1136 3318 μεταστῆσαι
1159 3251 1220 3324 μιᾷ.

351 3343 431 3403 Mira
461 3342 720 3416 breviloquentia
750 3343 874 3403 dictum
905 3343 1035 3404 videtur
1059 3339 1091 3402 ἐκ
1113 3347 1226 3402 πολλοῦ
1250 3341 1359 3421 χρόνον
1384 3338 1508 3420 ἄνοιαν,
1531 3360 1629 3417 quare

350 3445 492 3506 fortasse
515 3444 740 3518 redintegrare
763 3445 839 3504 lieet
864 3446 1005 3518 priorem
1029 3461 1164 3506 versum
1189 3444 1386 3520 supplendo:

539 3542 626 3624 ἔργον
654 3543 739 3624 (γάρ
767 3542 986 3624 ἕγγεγονυῖαν)
1015 3543 1047 3605 ἐκ
1070 3550 1183 3606 πολλοῦ
1207 3545 1317 3625 χρόνον
1340 3543 1396 3604 vri.

307 3648 358 3708 Fr.
384 3649 458 3724 281,
484 3651 513 3707 ὅ.
538 3646 743 3707 Coniecturis
767 3647 857 3707 addit
880 3647 929 3707 Bl.
953 3646 1023 3718 τοὺς
1046 3645 1182 3725 πτωχοὺς
1207 3647 1328 3724 μόνους.

307 3749 357 3810 Fr.
384 3752 457 3825 282,
486 3752 512 3809 l.
538 3748 601 3809 Gur
624 3747 811 3821 κουφότατον
843 3756 901 3806 τῶν
924 3757 1025 3807 κακῶν
1049 3752 1278 3825 paupertatem
1302 3749 1390 3809 dieat
1412 3752 1522 3824 poeta,
1548 3749 1629 3809 satis

350 3852 526 3925 apparete
552 3849 659 3908 verbis
682 3839 718 3924 ἧς
744 3883 783 3892 -
809 3847 927 3932 ῥᾳδίως.
958 3849 1107 3911 Pessime
1139 3851 1240 3925 igitur
1264 3847 1454 3925 κουφότατον
1477 3849 1510 3909 in
1535 3848 1628 3908 δεινό-

351 3974 440 4011 τατον
464 3953 574 4011 mutat
599 3951 647 4010 Bl.

307 4053 358 4112 Fr.
384 4055 458 4129 285,
484 4055 513 4113 2.
535 4050 733 4128 ἀκουσμάτων
764 4062 863 4135 τρνφῇ
893 4074 922 4111 τε
955 4054 1006 4112 vel
1035 4054 1144 4129 polius
1168 4045 1304 4128 ἠκούσατ’
1332 4050 1373 4122 εἰς
1397 4051 1557 4128 τρνφὴντε
1581 4052 1627 4111 Bl.

351 4170 416 4215 non
441 4156 538 4215 male.

307 4254 358 4315 Fr.
384 4257 458 4316 287.
484 4255 561 4314 οὕτω
593 4277 619 4314 τι
642 4289 680 4298 -
703 4252 856 4315 ἐπίπονον.
883 4256 931 4316 Bl.
964 4256 1018 4316 cfr.
1044 4255 1210 4330 Aristoph.
1236 4255 1266 4313 II
1297 4255 1400 4328 ll9l;
1426 4253 1554 4313 Alexid.
1583 4254 1629 4313 lll

351 4358 430 4429 482;
456 4357 618 4431 Posidipp.
642 4356 687 4416 IV
712 4357 792 4428 bl9;
820 4357 952 4431 Antiph.
980 4357 1103 4416 11180.
1132 4357 1204 4416 187.

306 4457 356 4517 Fr.
383 4459 457 4534 291,
483 4460 512 4518 2.
538 4459 637 4532 Olim,
663 4458 734 4518 coll.
762 4458 912 4518 Palladae
937 4459 1007 4518 loeo
1025 4474 1075 4533 ap.
1090 4458 1266 4532 Kockium,
1290 4457 1401 4518 monui
1422 4453 1558 4534 ἀοράτων
1579 4457 1630 4516 hie

349 4559 436 4620 idom
461 4560 569 4620 valere
593 4558 676 4632 quod
700 4556 921 4637 ἀντερισνένντων
945 4561 1015 4619 sive
1039 4557 1218 4636 ἀμερίμνων.
1246 4559 1340 4618 Nune
1362 4559 1410 4619 Bl.
1436 4558 1498 4619 hoo
1521 4559 1628 4633 ipsum

349 4657 518 4738 ἀμερίμνων
542 4677 561 4720 a
585 4662 681 4734 poeta
710 4661 870 4734 seriptum
901 4675 974 4721 esse
997 4663 1105 4737 putat,
1131 4660 1215 4733 quod
1241 4659 1371 4719 facilius
1395 4662 1447 4719 est
1469 4659 1630 4734 suspicari

350 4779 448 4836 quam
484 4762 721 4822 demonstrare.
761 4761 872 4834 Neque
907 4762 1060 4836 absurde,
1093 4762 1216 4836 opinor,
1249 4758 1376 4838 ἀόρατον
1411 4761 1631 4836 explicaveris

351 4864 653 4939 caliginosum,
680 4866 716 4922 ut
743 4861 870 4941 ἀοραοία
894 4864 978 4938 apud
1003 4863 1092 4922 LXX
1123 4863 1323 4923 tenebras
1347 4862 1522 4937 signifieat.
1549 4863 1632 4922 Utut

351 4971 416 5043 est,
447 4969 535 5027 recte
562 4964 653 5024 Koelr
677 4963 878 5038 improbavit
909 4965 1047 5026 Useneri
1071 4965 1294 5024 coniecturam
1317 4962 1463 5042 ἀοράτων.
1496 4963 1530 5022 Si
1554 4963 1631 5036 quid
