3718 5788
977 483 1039 544 142

392 672 521 747 docent,
551 669 743 745 praecedere
765 671 913 745 potuisse
936 685 1070 732 versum
1094 670 1257 732 eiusmodi
1279 671 1364 732 unde
1391 671 1552 730 omissum
1580 671 1664 730 val

391 770 556 831 obiectum
584 768 654 841 τοὺς
682 766 769 842 νέους
791 771 986 833 facillimam
1009 771 1147 833 haberet
1169 772 1433 847 explicationem.
1456 771 1503 831 De
1525 769 1665 845 imagine

392 872 441 933 Β1.
476 871 532 933 cst.
568 871 686 932 Aesch.
721 871 829 934 Prom.
869 874 972 948 107a;
1004 873 1079 934 Eur.
1112 873 1165 934 Or.
1193 873 1296 949 14223
1330 873 1449 935 Herod.
1472 871 1533 930 VH
1558 872 1610 949 85,
1632 873 1663 946 8,

392 973 509 1048 quibus
532 973 612 1034 locis
635 974 731 1034 iacile
755 974 811 1034 alii
834 975 908 1036 addi
931 977 1082 1052 possunt.

349 1075 400 1136 Nr.
428 1076 477 1136 12.
503 1075 533 1135 3.
558 1069 596 1132 ἂν
619 1071 715 1157 ἀφέλῃ
738 1076 845 1136 malit.
869 1076 919 1137 Β1.
942 1077 1029 1138 Num
1053 1078 1159 1152 opus?

347 1271 570 1339 Philemonis
592 1274 632 1337 ir.
656 1275 687 1351 4,
711 1277 738 1337 1.
759 1276 859 1337 Recte
879 1293 988 1338 meam
1010 1278 1233 1338 coniecturam
1251 1276 1416 1352 improbat
1434 1275 1535 1337 Kock.
1553 1275 1669 1337 Postea

392 1377 533 1452 felicius,
558 1375 592 1436 ni
615 1376 721 1454 fallor,
745 1379 914 1455 proposui,
938 1379 1011 1440 coll.
1036 1378 1185 1440 eiusdem
1208 1379 1248 1440 fr.
1275 1378 1348 1454 105,
1374 1379 1411 1438 b:

531 1475 622 1541 <σόι>
649 1474 686 1537 cd
711 1472 737 1537 d’
766 1477 807 1550 εἰς
830 1477 965 1551 ἅπαντας
987 1475 1114 1540 εόθετ’
1139 1477 1338 1560 ἀνθρώπους,
1361 1477 1478 1541 Σόλων.

393 1579 449 1640 Va.
474 1581 504 1640 4.
529 1576 677 1657 ἁρμόδιον
690 1581 738 1641 Β1.
753 1580 859 1642 -VS.
874 1582 904 1643 8.
929 1582 991 1643 Pro
1014 1603 1060 1642 τοι
1083 1582 1231 1644 Meineke
1253 1579 1330 1657 τότε,
1343 1582 1391 1642 Β1.
1416 1600 1499 1658 ποτε,
1521 1578 1603 1640 Ellis
1621 1598 1670 1654 πη.

393 1680 450 1741 Vs.
474 1682 505 1742 9.
538 1679 660 1754 κοινοὺς
695 1681 868 1758 Richards,
908 1683 1025 1746 deinde
1062 1680 1342 1762 παρεσκευασμένας
1372 1698 1444 1758 ego,
1478 1683 1668 1758 paratae,

395 1795 460 1841 non
483 1781 723 1843 instructas
747 1787 832 1854 (παν.)
858 1816 896 1827 -
922 1784 978 1845 Vs.
1005 1786 1057 1846 14.
1085 1780 1247 1856 ὑπὲνόοσις
1271 1784 1397 1860 Nauck,
1423 1779 1600 1855 ἕξονάδυσις
1623 1779 1668 1840 Bl.

395 1881 447 1943 vel
469 1883 591 1954 (minue
614 1885 713 1954 recte)
738 1877 791 1942 ἔστ’
818 1881 964 1956 ἀνάδυσις
989 1885 1040 1946 νο1
1059 1881 1233 1965 όφαρπαγή.
1249 1918 1288 1929 -
1301 1885 1357 1947 Vs.
1382 1884 1431 1945 lb.
1451 1883 1579 1958 Nauck,
1601 1880 1669 1942 coll.

394 1984 557 2045 Xenarchi
591 1985 630 2046 fr.
654 1988 685 2061 4,
713 1986 763 2046 16.
790 1987 848 2047 17:
883 1981 941 2046 ἀλλ’
971 1984 1111 2052 <term
1145 1985 1241 2059 εὐθὺς
1271 1983 1310 2064 ἣν
1341 1986 1460 2056 (deleto
1490 1983 1603 2063 βούλει)
1634 1980 1668 2040 σὺ

394 2076 454 2163 χόον
477 2085 580 2163 βούλει
601 2083 727 2162 τρόπον,
750 2101 832 2161 quae
856 2103 935 2148 vera
958 2089 1089 2150 videtur
1112 2088 1283 2149 correctio.
1457 2071 1460 2078 ⁴

351 2186 402 2246 lir.
429 2186 480 2262 10,
512 2187 588 2248 3et
619 2187 650 2248 4.
683 2187 773 2248 Meae
807 2189 1012 2250 coniecturas
1046 2189 1163 2265 probat
1195 2189 1258 2265 Β1.,
1291 2191 1324 2249 et
1355 2189 1394 2249 fr.
1429 2188 1480 2265 11,
1506 2189 1525 2247 6
1555 2183 1672 2246 Naberi

396 2287 618 2363 suspicionem
642 2287 740 2365 λύπης
763 2287 809 2351 01.
833 2289 947 2351 Nauck
971 2291 1043 2352 Mel.
1067 2290 1112 2351 VI
1138 2292 1199 2351 101
1225 2305 1272 2364 eq.

352 2389 403 2450 Fr.
438 2389 488 2466 12,
523 2391 550 2450 1.
586 2387 632 2449 De
667 2390 839 2463 proverbio
873 2390 978 2475 γόμνῳ
1004 2425 1042 2436 -
1072 2388 1203 2451 ἐπίταττε
1237 2391 1368 2467 praeter
1402 2389 1609 2464 Hesychium
1641 2389 1673 2446 et

395 2490 515 2552 Zenob.
539 2491 571 2554 11
595 2491 637 2552 98
662 2491 701 2552 ci.
726 2491 947 2568 lexicograph.
974 2491 1105 2555 Ooislin.
1131 2493 1173 2553 91
1206 2491 1307 2554 Gaiel.
1332 2490 1364 2552 οἱ
1383 2489 1439 2572 γὰρ
1469 2488 1501 2550 ἐν
1524 2489 1673 2570 Ἀργινού-

396 2608 461 2664 σαις
485 2587 661 2670 ἡσσηθέντες
684 2591 921 2671 Λακεδαιμόνιοι
944 2590 995 2653 καὶ
1016 2590 1126 2674 γυμνοὶ
1144 2590 1195 2653 καὶ
1213 2590 1322 2673 όποροι
1341 2591 1488 2674 φυγόντες
1503 2586 1672 2652 Ἐτεονίκου

395 2689 675 2771 παρακελευομένου
705 2691 807 2767 αὐτοῖς
829 2692 967 2771 φυλακὰς
990 2693 1081 2774 ἔχειν,
1104 2694 1154 2754 ἳνα
1177 2693 1219 2772 μὴ
1242 2693 1380 2754 λάθωσιν
1403 2693 1506 2766 αὐτοῖς
1530 2691 1673 2770 ἐξαίφνης

398 2791 587 2866 ἐπιπεσόντες
621 2797 791 2872 Ἀθηναῖοι,
828 2792 1026 2876 ἀπεκρίναντο
1058 2795 1102 2857 ότι
1134 2795 1183 2856 δεῖ
1214 2793 1285 2868 τοὺς
1314 2793 1450 2875 γυμνοὺς
1479 2790 1508 2867 ἕξ
1540 2791 1672 2873 ἀνάγκης

397 2892 561 2975 ἀγρυπνεῖν
591 2892 640 2955 διὰ
669 2894 703 2956 τὸ
732 2893 823 2976 ῥῖγος.
855 2897 942 2959 Nihil
977 2898 1056 2958 dum
1081 2898 1286 2974 propositum
1312 2899 1376 2972 eet,
1409 2897 1495 2972 quod
1518 2911 1560 2955 ex
1585 2893 1673 2955 omni

397 2998 489 3071 parte
512 2997 654 3073 placeat,
679 2998 713 3058 et
736 2997 799 3058 loci
823 2998 1009 3059 obscuritas
1032 3000 1141 3060 certae
1165 2998 1388 3059 emendationi
1411 2998 1530 3059 obstat.

352 3100 403 3159 Nr.
431 3099 470 3158 19
495 3100 527 3159 et
551 3098 593 3158 20
618 3100 653 3159 et
675 3099 727 3160 22.
752 3097 800 3162 Ol.
824 3099 873 3161 Β1.
897 3115 927 3175 p.
955 3100 1017 3160 182
1041 3115 1102 3176 ορ,
1127 3099 1181 3175 qui
1204 3099 1288 3160 mihi
1311 3114 1378 3160 non
1400 3099 1586 3176 persuadet.

353 3200 404 3260 Nr.
430 3200 482 3260 24.
573 3196 786 3278 πρόχειρον
810 3196 873 3259 ἐπὶ
896 3196 967 3278 τὴν
990 3203 1122 3279 γλῶτταν
1146 3197 1294 3285 εὐλόγῳ
1319 3196 1484 3280 τρέχειν.

396 3299 503 3362 Verba
527 3301 778 3377 corruptissima
798 3301 940 3363 tortasse
963 3301 1074 3363 celant
1095 3303 1255 3377 optimam
1279 3303 1481 3363 sententiam
1504 3301 1628 3362 hance:

576 3399 619 3463 οό
642 3405 774 3481 χεῖρον
799 3398 880 3461 ἐστι
903 3406 1035 3482 γλῶτταν
1060 3399 1252 3481 εὔτροχον
1275 3407 1425 3482 φορεῖν.

398 3502 434 3564 od
458 3507 555 3582 χεῖρον
578 3506 617 3565 ut
638 3505 694 3564 Ar.
718 3503 775 3578 aq.
796 3505 856 3578 3i;
881 3504 964 3566 Plat.
990 3505 1123 3566 Theaet.
1151 3506 1212 3565 162
1226 3519 1260 3578 c;
1285 3504 1405 3566 Phaed.
1427 3506 1511 3579 1853
1536 3504 1673 3565 Phaedr.

397 3606 463 3667 948
487 3604 510 3666 O
534 3607 613 3680 etc.;
637 3607 767 3684 γλῶτταν
791 3601 943 3685 εόοροχον,
965 3608 1002 3667 ut
1024 3606 1099 3667 Eur.
1126 3605 1244 3666 Bacch.
1271 3605 1345 3682 268,
1369 3605 1455 3667 Plut.
1480 3606 1597 3668 Pericl.
1624 3606 1673 3677 17;

397 3710 516 3786 φορεῖν,
539 3708 576 3767 ut
599 3705 725 3781 passim
750 3721 876 3767 omnes.
900 3707 1011 3767 Bona
1033 3722 1096 3767 res
1120 3709 1186 3768 est
1209 3707 1477 3781 eloquentia!

355 3809 405 3869 Fr.
430 3809 482 3868 26.
506 3808 592 3882 Lege
615 3804 734 3888 κῴδιον.

354 3911 404 3970 Fr.
430 3909 482 3984 28,
508 3909 538 3969 8.
563 3907 610 3968 Bl.
636 3914 746 3982 σῶσον,
768 3905 856 3967 male
880 3906 1043 3981 reliquum
1067 3922 1200 3968 versum
1224 3911 1257 3968 et
1281 3923 1329 3969 ve.
1356 3911 1394 3968 11
1419 3909 1613 3971 sollicitans.

354 4011 405 4070 Fr.
430 4011 482 4085 81,
507 4012 535 4070 1.
559 4008 651 4070 Idem
671 4010 759 4068 recte
779 4008 966 4083 transponit
983 4007 1039 4087 γάρ
1059 4011 1093 4069 et
1111 4007 1173 4087 μέν.
1188 4043 1228 4054 -
1242 4009 1297 4070 Vs.
1320 4011 1350 4070 8.
1371 4007 1489 4090 ἑτέρον,
1508 4011 1537 4070 si
1555 4025 1675 4071 sanum

398 4112 462 4185 est,
489 4112 525 4170 ut
547 4107 684 4183 putabat
707 4107 811 4183 Kock,
836 4109 1031 4182 perobscure
1055 4110 1179 4170 dictum
1203 4114 1264 4171 est.
1279 4145 1317 4155 -
1333 4111 1387 4174 Vs.
1409 4114 1439 4173 6.
1460 4111 1596 4188 Virgula
1618 4127 1675 4188 pro

398 4211 519 4284 puncto
542 4209 624 4269 bene
647 4209 802 4269 distinxit
825 4209 920 4272 Weil.
945 4211 1080 4271 Inutilia
1102 4212 1254 4288 proponit
1272 4212 1321 4272 Β1.

353 4312 405 4372 Fr.
430 4311 483 4386 32,
512 4311 540 4370 1.
576 4305 699 4386 ἀληθῶς
733 4305 968 4389 παραλογισθῆό
1008 4312 1088 4373 lillis
1119 4313 1206 4388 apud
1235 4313 1295 4389 Β1.,
1328 4313 1384 4388 qui
1414 4313 1484 4388 ipse
1507 4310 1620 4390 ἀληθές
1643 4333 1676 4390 με

398 4405 646 4490 παραλογίσασθ’,
670 4405 732 4470 ὥστ’
759 4409 843 4490 ἔχειν.
866 4411 945 4472 Mihi
969 4428 1033 4474 non
1058 4414 1174 4490 liquet,
1195 4415 1253 4474 sed
1272 4415 1381 4490 ipsum
1401 4409 1513 4492 ἀληθὲς
1532 4416 1678 4490 graviter

398 4515 590 4588 corruptum
621 4513 703 4572 duco
734 4527 811 4572 cum
842 4512 980 4589 Kockio,
1012 4515 1068 4589 qui
1098 4518 1211 4590 aptam
1239 4517 1442 4577 sententiam
1466 4516 1593 4589 elicuit;
1618 4530 1677 4576 nec

396 4617 509 4675 tamen
531 4612 640 4673 locum
661 4613 861 4674 emendavit.
881 4613 1048 4675 Prioribus
1069 4616 1178 4676 verbis
1197 4616 1299 4676 etiam
1319 4616 1456 4677 subesse
1475 4619 1601 4692 potest:
1622 4615 1677 4675 οὐκ

399 4710 479 4772 ἔστι
504 4711 522 4771 ό
530 4711 600 4790 ῆσό
632 4734 674 4791 με
697 4709 946 4793 παραλογίσασθ’.

354 4816 405 4876 Fr.
430 4815 482 4875 33.
513 4812 674 4894 κανθάρου
705 4814 884 4895 σοφώτερος.
912 4815 1099 4878 0.0rueius
1130 4819 1225 4880 Anal.
1251 4821 1292 4881 ad
1316 4821 1531 4896 paroemiogr.
1557 4835 1588 4894 p.
1615 4819 1673 4879 147

398 4915 635 4992 „Proverblum
658 4930 676 4976 e
699 4918 929 4979 vetustissima
956 4920 1108 4980 canthari
1130 4920 1242 4982 sabula
1264 4923 1433 4983 ductum.”

355 5017 406 5079 Fr.
432 5017 485 5080 ab.
509 5015 613 5096 γνλιόν
636 5011 689 5077 τιν’
715 5021 805 5080 redte
828 5018 876 5079 Bl.
