3748 5792
892 505 954 568 129

251 695 309 756 Fr.
335 695 409 758 234.
530 695 572 768 τίς
595 691 662 774 οὐχί
684 693 775 771 φήσει
797 692 867 766 τοὺς
890 691 1018 782 ἐρῶντας
1043 696 1111 772 ζῆν
1135 693 1301 773 μόνονςς

303 797 440 860 Multum
468 798 562 860 abest
585 799 622 857 ut
644 797 738 871 (quod
763 796 912 872 perhibet
934 796 1036 867 Kock)
1058 800 1157 872 poeta
1178 797 1264 858 dicat
1287 801 1438 860 ornantes
1461 801 1581 864 misere

304 900 430 974 vivere;
454 899 566 960 omnia
588 899 690 974 enim,
715 900 843 973 praeter
864 897 1021 959 ultimum
1045 897 1240 958 vocabulum
1263 896 1448 960 ἀθλιώτατον
1471 904 1581 978 procul

259 1049 262 1052 .
303 1000 401 1062 dubio
434 1003 638 1076 corruptum,
675 1015 758 1074 quae
793 1002 950 1061 secuntur
984 999 1072 1061 diota
1105 1002 1185 1061 sunt
1218 1000 1251 1060 in
1286 1015 1399 1061 eorum
1435 1002 1579 1082 laudem,

303 1102 413 1175 itaque
436 1101 563 1179 μόνους,
588 1100 792 1178 significans,
818 1105 855 1162 ut
877 1116 1046 1179 persaepe,
1067 1116 1140 1162 cnm
1166 1104 1420 1177 exaggeratione
1439 1107 1581 1178 quadam

306 1203 440 1277 magis
470 1218 590 1277 quam
621 1203 749 1278 alios,
782 1203 905 1277 optime
932 1203 1056 1264 dictum
1080 1204 1131 1263 est
1154 1205 1188 1263 et
1211 1203 1316 1265 uiuite
1338 1206 1458 1266 melius
1481 1222 1581 1281 quam

304 1305 389 1378 qnod
419 1306 489 1381 ipse
520 1306 687 1381 proposuit
710 1303 823 1376 πόνοις,
848 1306 879 1364 Si
905 1305 981 1379 quid
1005 1304 1205 1366 mutandum
1229 1305 1327 1380 toret,
1353 1306 1474 1368 melius
1497 1311 1586 1370 certe

305 1421 380 1466 cum
414 1407 463 1468 Bi.
495 1407 692 1468 scriberetur
721 1403 764 1476 τίς
793 1422 888 1483 φησιν
916 1398 993 1466 εἶναι
1016 1427 1039 1464 τ.
1064 1401 1085 1464 i.
1116 1403 1162 1483 μὴ
1187 1407 1317 1479 σοφούς,
1349 1409 1433 1482 quod
1461 1410 1585 1471 nemini

304 1510 477 1568 suaserim.
499 1508 564 1570 Nec
584 1509 667 1568 vae
687 1507 860 1584 ποιητικούς
879 1506 1128 1568 sollicitaverim
1149 1522 1277 1567 memor
1296 1507 1460 1584 Euripidei
1480 1510 1586 1572 illius:

974 1605 1103 1685 ποιητὴν
1127 1601 1155 1666 δ’
1182 1604 1240 1686 ἄρα

572 1707 644 1786 ἔρως
668 1709 817 1782 διδάσκει,
839 1705 896 1768 κᾶν
919 1705 1053 1787 ἄμουσος
1077 1701 1097 1792 ᾖ
1120 1706 1152 1768 εδ
1175 1708 1254 1786 πρίν.

307 1811 344 1870 In
375 1825 423 1872 vs.
452 1812 463 1870 1
500 1811 554 1888 ζῆν
585 1813 805 1887 praegnanter
831 1813 956 1873 dictum
980 1814 1032 1872 est
1055 1826 1113 1888 pro
1137 1801 1170 1870 εδ
1195 1811 1262 1886 ζῆν,
1286 1814 1323 1872 nt
1352 1814 1484 1888 saepius
1510 1814 1587 1876 alibi

306 1914 339 1973 et
361 1912 395 1972 in
419 1913 489 1988 ipso
512 1911 551 1973 ir.
575 1913 727 1987 sequenti
1512 1933 1518 1940 ·

973 2011 1026 2074 τὸν
1048 2011 1104 2093 γὰρ
1128 2013 1255 2074 ὕστατον

573 2110 681 2193 τοίχων
704 2113 829 2175 δίαυλον
852 2122 906 2174 τοῦ
931 2115 1000 2192 βίον
1025 2115 1094 2191 ζῆν
1117 2114 1275 2193 βούλομαι.

307 2232 390 2292 quae
413 2231 583 2292 perperam
608 2217 844 2292 interpretatus
868 2216 959 2276 Kock
980 2216 1209 2291 supplemento
1233 2231 1328 2292 egere
1351 2218 1498 2291 putabat.

263 2319 315 2380 Fr.
339 2319 414 2392 237,
440 2319 470 2378 3.
495 2318 543 2380 Bl.
576 2317 761 2380 casauboni
793 2319 827 2378 et
858 2317 1014 2378 Palmerii
1038 2317 1261 2379 coniecturam
1287 2315 1385 2376 πίνειν
1408 2319 1585 2396 improbat,

308 2419 393 2495 quod
425 2417 458 2478 τὸ
492 2417 591 2478 πίνειν
626 2417 811 2478 includatur
840 2426 879 2499 τῷ
915 2416 1062 2490 δειπνεῖν,
1084 2416 1157 2478 coli.
1190 2416 1305 2478 Euboi.
1338 2418 1385 2477 III
1414 2419 1489 2480 208.
1521 2420 1586 2482 Nec

310 2523 422 2582 tamen
444 2523 549 2579 πονεῖν
575 2534 695 2580 sanum
718 2533 792 2580 esse
811 2520 929 2594 potest.
954 2517 1162 2579 Kockianum
1185 2515 1319 2595 ἀκίνητοι
1343 2516 1456 2590 ξυνέσει
1479 2521 1588 2596 displi-

310 2626 374 2699 cet,
410 2621 468 2682 sed
502 2621 585 2683 nihii
603 2620 686 2680 mihi
711 2621 882 2696 succurrit,
915 2619 1000 2694 quod
1023 2621 1063 2680 ab
1087 2620 1177 2681 omni
1201 2623 1294 2695 parte
1317 2619 1470 2682 sufficiat.
1501 2623 1589 2683 Nihil

310 2723 388 2785 dum
419 2723 539 2784 melius
569 2723 736 2798 repertum
766 2721 897 2782 videtur
926 2737 1026 2796 quam
1057 2720 1141 2795 quod
1172 2722 1292 2796 partim
1316 2735 1390 2780 cum
1415 2721 1587 2799 syleurgio

310 2809 486 2899 proposuit*
499 2823 655 2884 Meineke.

268 2925 318 2986 Fr.
343 2926 417 3001 239,
432 2925 463 2986 2.
488 2924 537 2986 Bi.
562 2920 634 3000 ἐκεῖ,
657 2924 742 2998 quod
766 2925 824 2984 vix
843 2924 1079 3000 necessarlum,
1100 2923 1158 2984 sed
1174 2925 1262 2984 recte
1281 2920 1319 2982 ἄν
1336 2946 1378 2995 τις
1398 2920 1451 2983 ἕνα
1470 2920 1583 2990 <ειν’>

312 3022 359 3086 tut
382 3026 506 3086 δεῖπνον
531 3029 621 3108 καλῇ,
654 3039 731 3086 nem
765 3024 901 3086 offendit
924 3021 972 3084 eut
995 3022 1034 3084 τδ
1058 3024 1195 3101 δεῖπνον,
1217 3024 1289 3086 coll.
1314 3024 1375 3085 Av.
1400 3026 1480 3103 899,
1504 3026 1586 3088 Ren.

312 3127 391 3203 911,
415 3126 454 3188 fr.
483 3127 555 3204 149,
581 3127 611 3187 2.

270 3228 318 3287 Fr.
340 3228 414 3304 240,
436 3229 466 3288 4.
488 3227 649 3288 Richards
669 3227 808 3288 coniecit
831 3223 970 3297 καινὸς
997 3226 1122 3301 φθίνειν
1142 3247 1170 3285 τε
1190 3223 1244 3302 τὴν
1271 3224 1464 3288 ἐπιοῦσαν
1487 3219 1581 3288 <αδ>

310 3327 410 3400 πάλιν,
427 3331 602 3404 postquam
622 3327 713 3390 Kock
733 3324 1072 3403 νο1α11εὴνπαοοοσον
1089 3317 1187 3390 <αδ>
1203 3326 1303 3390 πνίίιν.
1316 3329 1361 3390 At
1372 3330 1421 3390 ita
1433 3332 1588 3405 expectes

309 3436 360 3507 τῆς
393 3426 536 3508 ἐπιούσης
566 3432 624 3490 aut
653 3435 705 3506 τῆς
735 3428 899 3506 παρούσης.
931 3429 1005 3503 Ipse
1028 3429 1182 3504 proposui
1205 3427 1330 3505 φθίνειν
1353 3450 1383 3489 τε
1406 3427 1499 3507 μετὰ
1519 3435 1587 3506 (pro

309 3527 372 3607 τὴν)
402 3530 573 3608 παρουσίαν
603 3528 707 3602 πάλιν,
736 3529 821 3604 quod
854 3529 1013 3604 hodieque
1041 3530 1124 3590 mihi
1154 3530 1319 3605 probatur.
1350 3531 1462 3605 Neque
1493 3547 1542 3592 vs.
1567 3534 1587 3594 6

309 3632 390 3692 mihi
417 3629 585 3693 sufficiunt
608 3631 815 3692 coniecturae
837 3631 872 3690 in
894 3629 1017 3709 χαίρεις,
1036 3630 1154 3704 quibus
1173 3634 1386 3692 accesserunt
1403 3631 1588 3693 Neberlana

309 3727 331 3812 γ’
357 3732 450 3810 αίοεῑς
474 3736 507 3794 et
530 3727 748 3807 Blaydesiana
766 3729 867 3808 τείρεις
888 3731 984 3804 (quod
1008 3746 1074 3792 non
1093 3734 1146 3792 est
1165 3732 1309 3794 comicae
1329 3732 1506 3810 dictionis),
1530 3733 1588 3794 sed

309 3835 455 3896 nondum
479 3850 533 3896 me
556 3834 703 3910 poenitet
729 3832 839 3908 paullo
864 3833 1047 3894 audacioris
1077 3833 1274 3908 suspicionis
1296 3832 1414 3904 κόπτεις
1433 3833 1497 3903 (vel
1516 3833 1589 3893 κόπ-

309 3952 401 3998 τοοσα
424 3935 558 4014 χαίρεις),
580 3934 794 4010 obtundiS,
814 3935 899 4009 quod
917 3935 950 3994 in
970 3934 1029 3994 tali
1049 3949 1084 3995 re
1104 3934 1255 4009 usurpari
1267 3934 1400 3995 assolet.
1414 3933 1460 3996 uf.
1472 3935 1589 3996 Alexis

309 4037 356 4098 111
379 4039 445 4099 464
469 4037 511 4112 (2,
539 4037 592 4111 12)
615 4033 656 4112 μὴ
679 4033 768 4094 κόπτε
790 4037 832 4112 μ’,
855 4031 929 4094 ἀλλὰ
952 4032 987 4093 τὰ
1010 4031 1096 4113 κρέας
1119 4034 1294 4110 Hegesipp.
1323 4034 1368 4094 IV
1395 4035 1523 4106 47913)
1546 4033 1587 4113 μὴ

310 4133 389 4198 κόπτ’
415 4134 479 4212 ips,
499 4137 666 4211 Sosipater
684 4135 728 4195 IV
749 4135 813 4195 482
835 4136 900 4205 (20)
919 4127 977 4213 ἆρα
997 4135 1034 4195 σύ
1053 4156 1089 4212 με
1107 4133 1228 4195 κόπτειν
1252 4128 1314 4206 οίος
1338 4128 1365 4194 εί
1386 4155 1435 4215 ye;
1459 4137 1587 4197 Menan·

311 4239 368 4300 der
389 4237 575 4307 11120411)
599 4235 627 4296 τί
646 4235 777 4310 νίπτεις,
808 4226 831 4294 δ
855 4232 938 4311 pita
970 4235 1059 4311 Quod
1083 4235 1191 4297 lenius
1214 4236 1315 4311 foret,
1344 4234 1473 4312 καίνεις,
1501 4253 1586 4298 ene·

311 4355 393 4415 cas,
414 4339 472 4398 vix
493 4338 558 4398 iert
579 4352 689 4398 sermo
713 4337 978 4398 comicorum-
997 4336 1107 4415 χαίρεις
1131 4333 1281 4398 δίίύονν
1305 4353 1420 4413 parum
1441 4339 1588 4414 speciose

310 4440 461 4515 Blaydes.
486 4437 568 4500 Cum
591 4439 653 4500 hoc
678 4453 725 4498 vs.
752 4439 769 4498 7
797 4437 915 4498 malim
940 4435 1018 4497 ἔστιν
1042 4453 1100 4514 pro
1124 4435 1216 4498 ἔσται.

270 4541 318 4602 er.
342 4543 417 4617 242,
446 4543 474 4601 1.
505 4535 647 4600 οὐδέποτε
670 4537 794 4618 πράσων
816 4538 929 4600 forsan
953 4543 1041 4600 recte
1065 4539 1128 4614 Bt,
1154 4554 1233 4599 nem
1257 4539 1394 4602 offendit
1417 4540 1588 4602 articulus.

271 4641 319 4703 er.
344 4643 419 4718 244,
444 4642 474 4701 2.
498 4633 662 4719 χοιδάοί
687 4636 818 4718 ἀκρίτου
842 4653 920 4700 vera
943 4639 1109 4714 Btaydesii
1134 4639 1264 4702 videtur
1287 4642 1454 4704 correctio.

272 4742 320 4804 er.
345 4744 419 4819 245,
446 4743 476 4802 3.
508 4741 595 4817 Lege
624 4739 775 4825 ζῳγράφοι
806 4755 881 4801 cum
918 4740 965 4802 Bi.
999 4774 1020 4783 -
1071 4740 1128 4801 Vs.
1160 4743 1211 4802 13.
1245 4735 1271 4800 δ’
1300 4740 1448 4820 Ἀχιλλέας
1476 4759 1534 4819 pro
1558 4739 1591 4802 δὲ

314 4843 456 4922 δαίμονος
487 4843 609 4904 dudum
641 4845 717 4904 ante
748 4842 796 4904 Bi.
821 4843 975 4917 proposui
998 4843 1078 4917 ipse.
1105 4875 1144 4886 -
1170 4842 1225 4903 Vs.
1255 4845 1293 4905 ie
1321 4859 1369 4918 sq.
1403 4841 1457 4922 ἔχει
1481 4847 1514 4904 et
1537 4851 1590 4902 τοῦ

313 4944 478 5022 νοσήματος
504 4945 645 5006 coniecit
667 4944 838 5006 Richards.

272 5045 320 5107 i'r.
346 5048 420 5121 243,
446 5047 475 5106 2.
508 5045 654 5108 Mainake
684 5043 745 5106 ίπεί
777 5045 928 5122 reptem,
957 5047 1011 5107 cui
1041 5046 1090 5107 Bi.
1115 5046 1260 5108 obiciens
1291 5061 1411 5107 nomen
1435 5060 1590 5121 graecum

1469 5151 1484 5194 ο
