3778 5796
868 523 909 584 25

269 713 441 774 rationem.
476 714 554 774 iiiiii
588 729 654 775 non
684 713 834 788 displicet
860 712 998 787 probata
1020 715 1180 776 Meinekio
1204 711 1323 772 Iacobii
1349 707 1547 770 coniectura.

272 816 333 876 Sed
357 816 481 876 incerta
504 815 558 876 hic
580 816 703 877 omnia.

226 919 277 978 Fr.
293 917 365 993 117,
375 918 406 978 3.
420 917 556 977 Frustra
565 914 688 994 ἕξομεν,
699 919 757 978 aut
769 914 907 993 ἐβιοῦμεν
920 918 1015 991 (quod
1028 901 1273 980 heiienistioum
1285 915 1346 982 est)
1359 913 1417 971 aut
1427 903 1548 986 ἡβῦιμεν

271 1035 327 1094 pro
360 1019 538 1079 sanissimo
576 1019 713 1101 ᾠκοῦμεν
748 1020 796 1080 Bi.
830 1021 951 1094 Aperte
983 1023 1095 1081 autem
1127 1017 1204 1079 oiim
1236 1014 1437 1090 iungendum
1473 1023 1548 1069 eum

271 1121 406 1204 ᾠιοῦμεν
435 1135 500 1180 non
532 1135 607 1180 cum
638 1118 722 1194 τέως,
753 1121 838 1195 quod
867 1121 946 1182 iecit
977 1122 1064 1182 idem
1095 1123 1227 1182 vertens
1255 1117 1382 1178 scilicet
1405 1117 1445 1188 (p.
1472 1112 1548 1188 292)

271 1226 342 1284 not
376 1238 420 1282 so
455 1223 551 1296 long
581 1236 674 1296 ago;
705 1217 903 1298 τέοις--τιρὸ
934 1230 1002 1292 τοῦ,
1038 1223 1237 1296 antehac,
1274 1217 1399 1278 nudum
1434 1215 1547 1275 autem

270 1323 406 1406 ᾠκοῦμεν
435 1337 535 1383 sensu
567 1337 699 1383 caesum
730 1325 791 1382 est.
818 1355 860 1364 -
885 1322 985 1384 Vs?
1022 1339 1079 1398 pro
1115 1321 1184 1383 ὄντοι
1217 1321 1351 1398 τύχωμεν
1385 1330 1443 1392 pro
1479 1311 1548 1372 ὅποι

268 1424 404 1502 τύχοιμεν
431 1438 664 1499 proposueram
697 1423 772 1485 obs.
805 1424 876 1485 crit.
901 1440 930 1500 p.
956 1425 1012 1498 23,
1044 1425 1130 1499 quod
1160 1438 1225 1484 uon
1253 1421 1432 1482 admittens
1456 1414 1548 1475 Koclr

267 1527 357 1588 dedit
380 1524 451 1586 ὅταν
474 1527 620 1603 τύχωμεν,
643 1525 829 1600 refragante
853 1525 917 1602 Bi,
942 1527 997 1601 qui
1019 1527 1100 1586 citat
1120 1526 1220 1586 Thuc.
1242 1524 1286 1584 IV
1310 1523 1352 1584 26
1372 1517 1548 1596 ἀπαίροννες

267 1625 327 1686 ἀπὸ
347 1635 397 1704 τῆς
418 1626 654 1703 Πελοποννήσου
676 1624 791 1687 ὁπόθεν
815 1628 946 1705 τύχοιεν,
967 1644 1030 1702 quo
1055 1631 1168 1689 tamen
1191 1627 1262 1687 loco
1282 1623 1420 1685 minime
1440 1619 1546 1680 defen·

266 1729 354 1788 ditur
372 1729 552 1805 optativus,
573 1744 630 1803 pro
649 1744 727 1803 quo,
749 1733 908 1804 sequente
925 1730 1091 1804 praesenti
1105 1724 1421 1803 οτροτεοόμε3ο,Ιοοο
1433 1722 1547 1782 nostro

268 1829 445 1904 requiritur
467 1829 711 1904 coniunctivus,
739 1831 795 1905 qui
815 1833 927 1891 tamen
953 1831 985 1890 iu
1006 1829 1188 1903 comoedia,
1213 1828 1291 1890 licet
1313 1825 1381 1887 sint
1406 1821 1461 1898 qui
1484 1821 1546 1881 dis·

268 1931 429 2006 sentiant,
460 1929 622 2006 particula
655 1926 694 1988 ἄν
728 1944 839 1991 carere
869 1945 967 2005 posse
997 1946 1062 1991 non
1095 1931 1200 1991 credo.
1224 1927 1413 2004 Lugendum
1447 1923 1548 1999 igitur

269 2029 360 2089 ὅποι
379 2025 409 2088 ’ν
432 2034 485 2100 (=
500 2029 568 2091 ὅποι
591 2029 640 2102 ἄν)
664 2029 851 2109 τύχωμεν.

221 2132 275 2192 Fr.
304 2132 376 2205 118,
404 2133 432 2191 i.
457 2133 543 2207 Lege
565 2129 623 2210 κῆν
645 2148 704 2209 pro
734 2129 791 2192 κᾶν
822 2148 897 2194 cum
922 2133 970 2194 Bi.
994 2169 1034 2178 —
1057 2133 1111 2194 Vs.
1137 2134 1167 2194 3.
1193 2133 1353 2208 suspecta
1377 2127 1460 2189 mihi
1485 2129 1549 2186 tra·

268 2233 338 2292 dita
360 2232 457 2293 lectio
488 2226 544 2292 οὐκ
576 2231 656 2292 ἔστι
687 2231 893 2311 χειρόνιπτρον
917 2237 1049 2309 propter
1076 2235 1239 2294 omissum
1274 2230 1363 2314 αὐτῷ.
1394 2229 1548 2290 Fortasse

269 2331 352 2410 ἔσχε
385 2336 461 2402 (non
494 2334 606 2394 solet
645 2335 851 2409 accipere)
887 2335 1117 2409 corrigendum
1149 2337 1210 2396 est.
1242 2333 1289 2394 Gi.
1313 2347 1363 2393 vs.
1390 2333 1406 2392 1
1436 2328 1547 2405 εἴληφε.

268 2436 362 2495 Haud
382 2450 456 2496 raro
480 2451 518 2496 eo
541 2449 641 2496 sensu
665 2435 750 2510 apud
770 2436 913 2496 comicos
933 2437 1064 2497 variant
1083 2436 1264 2512 perfectum
1289 2436 1322 2495 ot
1341 2433 1495 2494 aoristus.
1507 2463 1547 2472 -

269 2535 430 2597 Kooirium
461 2552 519 2611 pro
554 2535 700 2597 Gramm.
732 2552 794 2597 ms.
831 2537 932 2597 Paris.
964 2552 1015 2612 ap.
1048 2537 1217 2598 Osaunum
1261 2539 1322 2597 eto.
1360 2535 1461 2595 citare
1497 2533 1547 2592 de·

268 2637 378 2696 buisse
402 2637 523 2698 Anecd.
548 2637 683 2698 Bachm.
707 2637 723 2696 Ι
745 2653 776 2712 p.
801 2639 876 2712 414,
905 2639 945 2697 10
969 2639 1098 2699 monuit
1121 2637 1244 2699 Nauck.

222 2738 276 2798 Fr.
304 2738 377 2798 119.
402 2733 486 2813 ἡμεῖς
509 2754 567 2813 pro
591 2735 1129 2816 χήμεῖς1οοοοε1οοεοοοΒΙογᾱοο.

223 2839 276 2900 Fr.
305 2839 377 2898 122.
414 2838 505 2900 Idem
541 2842 648 2900 teniat
683 2831 770 2910 οὗτος
805 2837 1027 2919 μεγαλέμπορός
1069 2862 1112 2912 τις
1146 2833 1223 2900 εἶναι
1256 2840 1394 2918 βούλεται
1421 2835 1427 2916 Ι
1456 2833 1548 2914 πένης

268 2937 383 3010 ἀλαζὼν
406 2939 633 3014 ψευδόπλοοτος
662 2937 735 3003 (ὢν
757 2937 876 3018 ἀνήρ.

222 3043 274 3102 Fr.
303 3041 374 3101 128.
400 3040 417 3100 ὅ
439 3064 465 3101 τι
489 3040 585 3114 ἐστί;
608 3043 806 3121 τιοριοτήριον
829 3043 893 3119 Bi,
919 3044 1061 3104 fortasse
1084 3046 1184 3105 recte.

221 3143 274 3203 Fr·
303 3143 373 3203 129.
398 3141 444 3204 df.
469 3144 556 3205 idem
580 3161 612 3220 p.
637 3148 690 3205 41.

221 3244 275 3304 Fr.
303 3245 374 3304 130.
400 3243 446 3305 Gi.
473 3245 670 3323 δειπνητικός.

221 3343 274 3404 Fr.
301 3346 373 3406 137.
400 3345 488 3404 Amida
512 3362 554 3408 ex
578 3347 693 3424 Δήμοις
717 3351 775 3408 aut
798 3363 815 3408 e
842 3348 1015 3426 Ταξιάρχοις
1039 3351 1230 3424 corruptum
1254 3351 1349 3423 putat
1366 3347 1414 3408 Bi.
1427 3346 1548 3406 Eodem

265 3448 335 3508 iure
359 3463 475 3508 omnes
500 3449 665 3526 Eupolidis
686 3451 816 3511 fabulas
842 3455 996 3526 corrupto
1020 3451 1147 3511 nomini
1170 3452 1307 3512 subesse
1331 3448 1526 3511 coniecerisi

221 3548 274 3608 Fr.
304 3549 375 3608 138.
399 3549 448 3606 τοὶ
473 3550 632 3628 γίνεταί
656 3571 747 3631 <γε>
775 3553 823 3614 Bi.

220 3650 274 3710 Fr.
302 3650 373 3723 139,
399 3651 429 3710 2.
464 3651 515 3710 τὸν
551 3650 582 3711 tt
618 3652 795 3729 Γνῴσνιττον
832 3647 970 3723 teudi)
1005 3654 1069 3729 Bt,
1106 3668 1172 3713 non
1209 3665 1329 3712 curans
1361 3650 1499 3710 aliatum
1530 3663 1550 3708 a

267 3749 390 3811 Kocirio
414 3753 530 3815 Aesch.
556 3754 646 3815 Pers.
672 3755 746 3815 419.
774 3787 814 3798 -
839 3753 896 3815 Vs.
921 3755 940 3814 3
966 3755 1092 3828 corrige
1115 3745 1187 3831 ηὗρε
1211 3768 1269 3828 pro
1292 3743 1367 3828 εὗρε.

222 3853 275 3911 Fr.
304 3855 364 3912 140
378 3853 407 3914 b.
432 3855 480 3916 Bi
505 3856 560 3918 uit.
586 3856 683 3931 Soph.
708 3856 747 3916 ir.
773 3857 838 3917 770
862 3861 895 3916 et
915 3859 1001 3930 (post
1021 3859 1084 3924 me)
1105 3855 1200 3915 Ennii
1221 3854 1259 3914 ir.
1280 3870 1308 3929 p.
1323 3854 1415 3914 3511.
1439 3851 1549 3928 „Quod

266 3959 319 4013 est
349 3958 425 4016 aute
456 3957 554 4031 pedes
584 3971 683 4018 nemo
707 3960 849 4032 spectat,
883 3957 964 4019 coeii
989 3959 1183 4018 scrutantur
1205 3956 1353 4032 plagas.”
1377 3955 1551 4016 Praeterea

268 4053 307 4114 fr.
333 4057 396 4118 352
422 4063 455 4118 et
478 4058 559 4120 Nub.
589 4059 665 4119 333.

222 4155 275 4216 Fr.
304 4157 375 4216 147.
401 4159 429 4218 2.
466 4159 582 4220 Procul
618 4160 716 4220 dubio
749 4160 925 4236 legendum
949 4154 1101 4236 πλεύμον’,
1137 4161 1257 4220 Forma
1290 4157 1432 4234 πνεύμων
1465 4157 1550 4218 iaisa

268 4256 383 4318 nititur
407 4260 570 4336 analogia.
1184 4273 1185 4276 ’

222 4359 275 4418 Fr.
292 4360 364 4420 149.
380 4361 503 4422 octavos
516 4368 551 4424 et
563 4362 663 4438 οἴνου,
676 4363 748 4423 coil.
767 4363 877 4439 idripir.
892 4364 938 4423 111
951 4364 1015 4424 557
1031 4363 1081 4438 Μ,
1096 4363 1219 4437 optime
1232 4362 1375 4436 Blaydes
1388 4365 1421 4422 et
1433 4361 1549 4423 Headi

223 4461 276 4522 Fr.
303 4461 375 4522 150.
398 4460 502 4522 εἰοεόν
530 4466 568 4524 ut
593 4463 719 4538 reliqua
738 4465 845 4538 pretia
865 4465 993 4524 comica
1011 4467 1062 4523 est
1086 4463 1308 4538 exaggeratio.
1329 4463 1378 4523 Bi.
1403 4463 1550 4540 δροχοοῐν

267 4564 369 4636 δυοῖν,
398 4565 455 4624 sed
486 4565 599 4639 quidni
627 4565 768 4644 δροχοῦν
799 4567 913 4644 epioe?
943 4567 987 4626 At
1017 4565 1113 4626 saiva
1136 4580 1189 4625 res
1213 4567 1275 4625 est.
1300 4563 1355 4624 Vs.
1384 4566 1399 4624 1
1426 4565 1549 4625 ironice

266 4663 346 4725 dicit
375 4664 493 4739 aliquis
523 4681 560 4726 se
592 4669 726 4728 centum
757 4670 890 4728 tantum
917 4666 1086 4728 drachmis
1110 4667 1213 4740 (quasi
1244 4667 1305 4727 hoc
1335 4667 1381 4726 sit
1411 4683 1549 4742 parvum

267 4765 434 4841 pretium),
484 4768 592 4843 pisces
641 4769 775 4843 emisse,
828 4784 885 4829 vs..
922 4771 941 4828 2
984 4768 1130 4844 exempli
1176 4782 1276 4828 causa
1315 4768 1438 4829 addens
1476 4772 1549 4829 octo

267 4867 434 4928 drachmis
456 4869 645 4930 constitisse
680 4871 744 4930 sibi
778 4869 848 4942 τοὺς
879 4871 1045 4949 λάβρακος,
1074 4869 1246 4930 duodecim
1278 4868 1347 4941 τοὺς
1370 4870 1550 4948 χρυσόφρυς.

263 4967 420 5030 Admisso
444 4971 491 5031 Bi.
517 4971 720 5046 coniectura,
745 4970 857 5031 nuilus
882 4971 983 5032 inerit
1006 4972 1076 5032 ioco
1100 4985 1231 5032 sensus.

218 5067 270 5128 Fr.
298 5070 370 5130 155.
398 5071 565 5144 „Priorem
591 5086 723 5132 versum
743 5073 871 5134 scribae
892 5075 960 5148 iqui
981 5073 1101 5134 Calliae
1120 5071 1360 5147 supellectilem
1378 5079 1549 5153 recenset),
