3718 5788
781 539 784 548 ’
839 519 900 578 169

254 702 505 764 dubitationem.
538 703 741 766 Coniecturis
773 705 934 766 Headlam
965 703 1055 764 addit
1085 703 1422 777 Wyttenbachiunum
1453 697 1533 772 εῐςὸ

255 803 314 876 δεῖ,
343 805 429 878 quod
452 806 514 881 ipsi
538 806 717 882 persuasit,
742 821 802 868 nec
825 807 976 881 displicet
999 805 1091 866 milri.

204 903 262 965 rr.
288 907 362 981 542,
391 908 418 966 1.
443 900 590 966 ἀδικοῦντ’
618 903 706 980 ἀξίοις
730 909 778 968 Bi.
804 941 845 950 -
870 907 925 967 VS.
946 909 976 968 b.
1001 903 1063 966 tart
1087 909 1156 976 (aut
1179 903 1230 974 ἔτι)
1254 907 1354 981 μεῖζον
1378 906 1475 966 idem.

203 1005 259 1065 Fr.
285 1009 359 1082 544,
386 1009 416 1070 2.
446 1007 535 1086 ι’γθος
569 1009 632 1085 Bt,
665 1011 721 1084 qui
751 1025 816 1071 nou
849 1010 936 1071 male
969 1024 1017 1069 vs.
1044 1013 1062 1070 3
1095 1009 1247 1084 coniecit,
1281 1007 1386 1069 deleto
1414 1006 1532 1067 adron:

253 1104 402 1186 ἀκρασίαν
425 1109 464 1170 τώ
487 1132 517 1170 τε
540 1110 614 1171 τόδε
637 1111 688 1171 καὶ
715 1110 828 1188 <τὴα>
856 1108 990 1190 γαστέρα.
1015 1113 1136 1187 aperte
1160 1112 1248 1172 enim
1273 1125 1338 1170 non
1363 1109 1470 1184 agitur
1493 1110 1532 1170 de

255 1209 413 1283 Syrorum
445 1213 783 1290 incontinentia,
809 1214 867 1274 sed
891 1215 931 1276 dc
954 1214 1065 1276 mala
1089 1213 1308 1272 humorum
1333 1212 1530 1271 mixtura.

254 1311 376 1372 Lenius
406 1315 517 1374 tamen
548 1315 611 1375 erit
638 1316 839 1376 remedium:
864 1311 1014 1375 ἄτοπον
1038 1315 1134 1390 (quod
1159 1330 1215 1389 pro
1238 1311 1338 1372 αὐτῶν
1363 1313 1428 1372 ianr
1453 1311 1532 1372 olim

254 1413 356 1480 suasi)
391 1410 537 1490 ἀκρασίαν
573 1414 666 1488 [τοὺς]
702 1415 801 1489 πόδας
835 1414 886 1476 καὶ
917 1414 1052 1496 γαστέρα.
1084 1417 1160 1476 Sine
1192 1415 1331 1476 articulo
1360 1411 1470 1488 πόδας,
1496 1415 1533 1474 ut

255 1514 454 1588 Antiphanis
477 1517 515 1577 ir.
544 1519 616 1594 102,
644 1519 674 1593 3,
708 1523 741 1579 st
771 1515 912 1598 γαστέρα,
943 1522 978 1580 ut
1007 1518 1239 1594 Aristophanis
1261 1517 1300 1576 ir.
1325 1517 1404 1591 475,
1429 1529 1532 1588 neque

255 1616 389 1676 omnino
414 1618 460 1676 ita
483 1634 555 1679 raro
580 1628 691 1694 partes
711 1623 855 1696 corporis
874 1621 1012 1682 articulo
1033 1623 1155 1681 careni.
1175 1619 1237 1680 Hic
1257 1618 1403 1679 conlusio
1416 1617 1532 1676 utrius·

255 1731 317 1788 quc
340 1713 467 1793 ἀκρασία
490 1735 592 1781 causa
614 1721 691 1795 fuit,
713 1737 771 1782 cur
791 1722 860 1794 τοὺς
885 1721 1147 1797 interpolaretur.
1173 1721 1228 1782 Vs.
1254 1723 1283 1780 5.
1308 1721 1477 1778 καθεῖσαν7
1492 1752 1531 1762 -

255 1817 303 1875 Bi.
327 1818 359 1876 si
383 1820 460 1892 quid
484 1822 697 1896 mutandum,
721 1822 794 1898 lege
817 1828 960 1883 καθῖσαν.

204 1919 262 1978 Fr.
295 1922 369 1980 545.
412 1921 458 1982 De
499 1923 623 1984 infelici
665 1925 782 1986 Kockii
821 1926 1006 1986 tentamine
1041 1925 1177 1984 omnino
1212 1923 1276 1984 vid.
1313 1923 1424 1984 Nauck
1460 1923 1531 1983 Mel.

256 2020 299 2078 Vl
327 2036 356 2095 p.
389 2025 462 2084 118.

207 2122 262 2181 Fr.
287 2125 361 2198 546,
388 2127 406 2184 2
430 2141 478 2199 sq.
504 2126 639 2203 Egregie
663 2128 776 2188 Nauck
800 2129 872 2189 Mel.
892 2129 923 2188 ΙΙ
943 2144 972 2203 p.
991 2130 1066 2205 335,
1088 2128 1160 2189 coll.
1184 2127 1274 2189 Dion.
1295 2128 1368 2188 Hal.
1390 2128 1474 2187 Hist.
1489 2126 1533 2185 IV

255 2239 286 2298 p.
311 2225 385 2300 267,
411 2227 448 2286 9;

498 2326 549 2387 διὰ
571 2327 626 2405 τὴν
649 2328 817 2400 λαλίαν(7)·
843 2327 911 2406 ὅρος
934 2328 991 2409 γὰρ
1014 2327 1133 2402 αὔλειος
1156 2331 1240 2407 θύρα

498 2426 640 2512 ἐλευθέρᾳ
663 2428 786 2510 γυναικὶ
808 2430 1047 2508 νενόμισται
1071 2431 1170 2511 βίου.

252 2528 286 2587 in
310 2531 427 2602 quibus
451 2531 491 2591 de
513 2531 631 2607 primis
649 2534 779 2594 tantum
800 2533 909 2594 verbis
930 2548 1010 2595 num
1031 2537 1120 2595 recte
1141 2534 1287 2594 coniecta
1306 2533 1374 2594 sint
1393 2533 1534 2593 dubitari

253 2633 372 2702 potest.
396 2626 486 2706 Ὄρος
521 2634 623 2694 etiam
655 2633 756 2694 Cobet
786 2636 983 2710 coniecerat,
1009 2635 1067 2696 sed
1090 2636 1203 2698 Nauck
1228 2635 1438 2696 confirmavit
1460 2635 1531 2694 Piri·

254 2729 339 2790 lonis
362 2730 474 2792 Iudaei
500 2733 569 2794 loco
596 2734 627 2794 II
650 2751 680 2810 p.
706 2736 780 2797 327.

209 2829 263 2890 Fr.
291 2832 365 2906 547,
390 2833 410 2892 8
433 2848 481 2907 sq.
507 2835 619 2895 Placet
642 2835 758 2897 Kocirii
782 2837 1011 2912 transpositio:

520 2932 660 3013 ἀνυμφος
685 2929 787 3016 οὗτος,
809 2935 992 3017 ἀνυμέναιος
1015 2934 1159 3010 ἀθλιος
1173 2941 1209 3009 (7)

519 3037 712 3116 καταστροφὴ
735 3047 790 3118 γῆς
814 3033 968 3100 ἕπιιιαλεῖτ’
996 3036 1027 3099 ἒν
1051 3043 1111 3110 τοῖς
1136 3037 1202 3098 ἐκεῖ.

251 3134 309 3194 sed
333 3136 439 3197 multo
464 3139 575 3200 minus
598 3140 747 3201 eiusdem
770 3142 961 3202 coniectura
983 3138 1111 3216 κάφιλὴς
1140 3140 1191 3201 νολ
1222 3144 1354 3216 propter
1385 3141 1532 3202 additum

252 3235 317 3312 καί,
347 3252 408 3298 nec
430 3239 514 3299 mibi
537 3242 738 3315 persuadent
767 3257 850 3316 quae
873 3245 1044 3317 praeterea
1067 3242 1328 3318 commissum,
1354 3242 1535 3316 exquibus

254 3339 364 3398 nescio
399 3356 440 3400 an
474 3342 639 3417 optimum
671 3344 716 3404 sit
746 3345 832 3418 quod
866 3344 894 3404 J.
908 3344 941 3405 C.
956 3344 1073 3418 Nabar,
1110 3342 1274 3404 Samuelis
1309 3344 1444 3404 Adriani
1473 3343 1532 3417 m,

252 3441 456 3515 excogitauit
477 3439 650 3520 ἀθάλαμος,
673 3443 796 3512 lectum
822 3445 952 3519 quidem
977 3460 1142 3520 nusquam
1167 3445 1223 3506 sed
1247 3444 1329 3506 bene
1354 3446 1533 3505 formatum

252 3542 459 3604 vocabulum.
481 3545 612 3606 Interea
631 3546 705 3606 vide
726 3561 835 3606 annon
855 3547 933 3607 terri
951 3548 1058 3622 possit
1077 3545 1233 3624 ἄθλιος,
1251 3546 1361 3607 addito
1381 3547 1533 3622 articulo,

252 3641 281 3700 si
304 3643 430 3705 omissa
453 3648 545 3708 omni
568 3647 782 3709 distinctione
810 3648 978 3724 legamus:

430 3741 572 3824 ἀνυμφος
595 3739 683 3820 οὗτος
707 3745 889 3826 ἀνυμέναιος
913 3748 1058 3820 ἅθλιος

429 3847 619 3928 καταστροφὴ
643 3858 697 3928 γῆς
721 3845 873 3910 ἐπικαλεῖά
901 3847 1076 3922 (ἀποκαλεῐά
1105 3853 1188 3922 Bl.?)
1217 3849 1249 3911 ἕν
1273 3858 1332 3924 τοῖς
1356 3849 1423 3929 ἐκεῖ,

253 3946 326 4006 ie.
370 3963 499 4012 uxore
536 3952 855 4027 hymenaeoque
897 3969 1061 4028 carens,
1104 3955 1272 4029 patriae
1315 3955 1533 4029 pernicies

253 4047 320 4108 bic
343 4049 471 4112 miser
496 4057 674 4114 vocatur
697 4055 737 4115 ln
762 4055 867 4115 illis.
897 4055 979 4131 Quid
1003 4056 1093 4116 enim
1117 4056 1193 4116 huic
1216 4057 1400 4117 sententiae
1424 4056 1533 4119 obstet

253 4163 318 4210 non
342 4151 447 4213 video.

209 4249 260 4310 Fr.
285 4252 361 4327 550,
387 4254 416 4313 2.
452 4254 623 4330 Virgulam
655 4255 744 4317 delet
773 4256 821 4316 Bl.
853 4257 1056 4332 coniungens
1085 4256 1201 4334 δαίμων
1228 4291 1266 4302 -
1291 4255 1418 4336 ἀγαθός.
1442 4259 1532 4321 Idem

252 4356 363 4414 utrum
383 4355 560 4418 Menander
579 4373 622 4418 ex
645 4359 787 4419 Senecae
811 4359 907 4434 epist.
936 4361 1013 4435 110,
1038 4375 1079 4420 au
1104 4360 1157 4421 bic
1177 4375 1218 4421 ex
1242 4360 1298 4421 illo
1322 4361 1534 4437 corrigendus

249 4455 294 4513 sit
328 4457 475 4531 ambigit.
511 4459 578 4534 Ego
613 4459 691 4534 quin
726 4461 943 4535 praeferenda
973 4463 1018 4522 sit
1047 4461 1229 4536 elegantior
1259 4464 1428 4525 Menandri
1451 4480 1533 4538 quae

250 4556 392 4617 traditur
415 4558 513 4622 lectio
537 4561 731 4641 μυσταγωγός
753 4578 819 4624 non
843 4563 966 4625 dubito.

207 4655 257 4716 Fr.
282 4658 356 4718 551.
381 4655 539 4737 ἐννοητέον
559 4661 634 4723 θεόν
657 4679 774 4739 parum
798 4665 1011 4740 probabiliter
1035 4665 1165 4726 Palmer
1188 4666 1273 4742 apud
1297 4668 1345 4729 Bl.
1367 4667 1531 4729 coniectu·

249 4758 308 4833 rie,
333 4761 362 4819 si
382 4762 467 4822 tanti
491 4765 557 4839 est,
583 4764 665 4826 adde
687 4763 763 4824 θεὸν
791 4766 941 4829 <δοιῶ>.
963 4767 1009 4828 De
1030 4768 1195 4843 personali
1215 4769 1294 4829 δοκῶ
1314 4771 1415 4832 etiarn
1433 4773 1533 4833 attice

251 4865 408 4937 usurpato
431 4865 564 4940 saepius
588 4867 653 4927 iam
679 4868 803 4928 monui.

208 4959 258 5020 Fr.
283 4963 358 5036 553,
384 4965 414 5024 4.
451 4967 538 5027 Ante
572 4967 619 5028 ΒΙ.
656 4972 768 5029 monui
804 4973 893 5032 recte
924 4971 1111 5033 Dobraeum
1143 4969 1182 5044 ὡς
1218 4973 1252 5033 in
1284 4971 1333 5033 καλ
1368 4979 1531 5052 mutasse,

253 5063 393 5132 pessime
416 5065 577 5128 Koclrium
602 5069 635 5130 in
659 5077 731 5146 σος,
761 5072 795 5131 et
817 5072 943 5168 temere
968 5072 1054 5134 hunc
1078 5074 1257 5135 coniecisse
1284 5075 1531 5155 τρασιαμβάνεις.
