3778 5796
715 1713 1066 1797 PRAEFATIO.

292 2235 469 2294 Poetarum
503 2231 706 2306 fragmenta,
743 2245 782 2290 ea
815 2229 1010 2304 praesertim
1046 2245 1129 2303 quae
1164 2246 1183 2291 a
1216 2231 1301 2292 seris
1335 2229 1550 2306 scriptoribus

225 2357 518 2434 grammaticisque
549 2370 647 2431 saepe
671 2371 689 2417 e
711 2357 901 2432 depravatis
931 2357 998 2417 iam
1022 2357 1169 2418 lontibus
1192 2357 1289 2418 nobis
1312 2358 1435 2420 tradita
1457 2359 1549 2433 sunt,

227 2485 268 2546 ad
303 2483 572 2558 corruptissimus
600 2481 722 2556 ingenii
757 2481 872 2542 Graeci
906 2481 1075 2557 relliquias
1110 2483 1274 2558 pertinere
1304 2485 1435 2544 constat
1462 2482 1549 2542 inter

228 2625 353 2672 omnes.
374 2608 419 2670 Ut
440 2612 553 2669 autem
572 2607 675 2668 ardua
694 2606 808 2666 omnia
828 2607 989 2681 impigros
1007 2607 1166 2668 mortales
1184 2622 1262 2683 prae
1281 2607 1400 2668 ceteris
1420 2607 1551 2667 allicere
1572 2693 1575 2699 Ι

226 2735 348 2811 solent,
381 2735 428 2795 ita
458 2734 535 2794 inde
566 2747 585 2793 a
615 2732 741 2794 renatis
769 2746 872 2805 paene
895 2730 1017 2792 litteris
1040 2732 1206 2794 innumeri
1230 2732 1351 2808 critici,
1375 2733 1409 2792 in
1432 2733 1551 2806 quibus

227 2876 359 2922 summa
389 2859 534 2936 ingenia,
566 2859 619 2919 his
648 2858 846 2934 fragmentis
877 2859 1091 2919 emendandis
1122 2862 1156 2920 et
1186 2859 1392 2921 illustrandis
1417 2871 1549 2937 operam

227 2988 393 3048 navarunt
422 2985 615 3064 plurimam,
647 2988 683 3047 at
713 2986 765 3047 vel
795 2987 845 3047 sic
874 2989 988 3047 tamen
1019 2986 1115 3062 longe
1146 2987 1251 3064 abest,
1283 2988 1321 3048 ut
1350 2987 1446 3048 hodie
1469 2987 1549 3047 nihil

228 3114 391 3188 agendum
415 3113 568 3188 supersit.

292 3227 462 3302 Nusquam
497 3242 575 3288 vero
607 3242 662 3288 ars
692 3227 807 3288 critica
838 3226 1069 3287 coniecturalis
1100 3225 1262 3289 difficilior
1292 3229 1342 3288 est
1374 3228 1408 3287 et
1436 3241 1546 3302 saepe,

224 3353 388 3428 imprimis
419 3353 452 3412 in
482 3352 563 3414 locis
593 3353 796 3415 brevioribus
826 3353 990 3429 incertior,
1022 3369 1097 3414 cum
1121 3354 1316 3428 praesertim
1340 3352 1551 3428 grammatici

223 3494 322 3555 saepe
365 3479 537 3556 vocabula,
581 3494 719 3554 quorum
763 3493 862 3538 causa
903 3480 1077 3554 poetarum
1122 3478 1220 3540 verba
1261 3477 1415 3552 afferunt,
1454 3475 1549 3536 unice

223 3607 380 3667 curantes
414 3620 478 3666 non
513 3604 661 3680 integras
696 3605 802 3665 citent
830 3605 1030 3680 sententias,
1062 3605 1110 3665 ita
1139 3607 1177 3665 ut
1205 3604 1281 3679 quid
1312 3604 1369 3663 aut
1392 3600 1432 3662 ab
1455 3600 1549 3661 initio

224 3733 283 3792 aut
306 3746 325 3791 a
348 3729 413 3792 fine
435 3730 484 3791 illi
506 3729 654 3791 dederint
684 3730 875 3804 ignoremus
902 3743 1006 3802 neque
1029 3729 1186 3804 indagare
1208 3728 1374 3804 possimus
1397 3725 1548 3800 amplius.

225 3856 346 3932 Quare,
378 3857 407 3918 si
430 3871 585 3933 usquam,
618 3870 752 3916 summa
774 3855 828 3916 hle
851 3870 932 3930 opus
955 3857 1007 3916 est
1030 3855 1160 3916 cantela
1184 3856 1217 3914 et
1239 3850 1548 3926 circumspectione;

225 3981 309 4056 quod
329 3996 395 4042 non
414 3981 498 4042 satis
517 3983 708 4056 reputantes
720 3981 808 4041 haud
821 3996 894 4042 raro
914 3981 1018 4042 critici
1030 3983 1134 4043 etiam
1147 3995 1203 4042 eos
1215 3979 1303 4041 locos
1316 3977 1548 4051 sollicitarunt,

224 4105 265 4166 de
288 4105 407 4180 qulbus
429 4121 509 4166 num
533 4121 650 4167 revera
672 4106 817 4180 corrupti
839 4106 908 4166 sint
930 4106 970 4166 ob
993 4121 1067 4166 eam
1092 4120 1227 4166 causam
1251 4104 1389 4164 minime
1408 4103 1548 4163 constat.

292 4230 342 4290 Ex
364 4247 428 4306 quo
451 4233 565 4292 autem
583 4233 732 4305 tempore
749 4229 948 4292 'insonoaus
968 4232 1061 4293 Kooa
1081 4235 1156 4308 post
1174 4231 1378 4308 praeclarum
1399 4230 1548 4290 Auonsrr

225 4356 385 4417 ilmnnxn
408 4371 491 4432 opus
514 4371 637 4418 novam
660 4370 757 4417 suam
789 4356 1051 4420 uomicorum
1076 4359 1319 4420 Atticorum
1343 4358 1547 4432 fragmen·

225 4483 362 4543 torum
393 4481 574 4544 editionem
606 4481 763 4559 absolvit,
789 4498 854 4544 non
878 4484 987 4545 solum
1011 4484 1128 4558 ingens
1151 4485 1244 4559 copia
1267 4498 1427 4546 novarum
1452 4483 1549 4542 inter·

224 4607 467 4686 pretationum,
492 4608 771 4686 illustrationum,
802 4611 1086 4686 emendationum,
1119 4611 1381 4671 coniecturarum
1410 4625 1429 4671 a
1454 4609 1549 4684 pluri-

225 4734 289 4794 mis
330 4735 468 4796 eruditis
509 4735 698 4809 excogitata
736 4737 801 4812 est,
836 4736 894 4797 sed
928 4736 1030 4797 etiam
1065 4751 1083 4797 e
1115 4736 1262 4798 tontibus
1295 4735 1547 4811 diversissimis,

224 4861 389 4936 imprimis
416 4863 622 4939 papyraceis,
652 4864 818 4937 protracta
846 4866 898 4924 est
927 4863 1072 4940 locuples
1102 4878 1263 4924 novorum
1287 4863 1548 4938 fragmentorum

224 5001 333 5065 seges,
371 4989 419 5048 ita
449 4991 486 5048 ut
516 4988 635 5058 merito
665 4988 733 5050 iam
762 4988 965 5050 desideretur
995 4989 1034 5050 ab
1066 4988 1220 5050 omnibus
1249 5003 1365 5049 musae
1402 4986 1547 5049 comicae
