3718 5788
823 516 882 575 181

182 697 237 756 Fr.
263 701 337 760 035.
369 701 477 762 Etiam
508 702 722 762 Menandrum
753 701 862 780 πρίονα
892 705 1066 779 scripsisse
1097 707 1215 778 putant
1238 705 1370 764 Palmer
1392 707 1426 764 et
1448 705 1511 779 Bt,

231 801 287 873 qui
310 802 417 862 inutili
441 805 558 863 conatu
584 805 691 862 totum
716 805 882 864 senarium
908 807 1082 866 restituere
1106 807 1223 865 tentat.

185 901 238 960 Fr.
264 903 338 962 939.
363 903 443 964 Vide
466 919 549 978 quae
574 906 648 978 post
672 904 820 965 Alexidis
845 906 882 967 ir.
912 908 972 968 107
998 907 1132 966 inserui.

182 1001 238 1076 Fr,
264 1003 337 1062 942.
363 1003 463 1065 Recte
486 1005 534 1065 Bt.
559 1008 671 1065 tuetur
694 1005 851 1084 λεγούσας,
873 1007 1006 1067 subiate
1031 1006 1160 1081 virgula
1183 1011 1258 1081 post
1281 1015 1413 1066 τοιαῦτα.

183 1103 238 1162 Fr.
271 1105 345 1164 968.
388 1106 525 1166 Temere
566 1105 657 1167 Koeir
700 1104 942 1183 αὐιαπιώναιος,
988 1123 1066 1168 uam
1109 1105 1260 1178 αὐταίπιας
1299 1123 1361 1168 vox
1396 1122 1514 1182 graeca

231 1219 296 1265 non
328 1209 391 1266 est.

181 1305 237 1366 Fr.
264 1307 337 1368 975.
363 1305 399 1367 od
424 1305 542 1384 μηκένις
565 1308 648 1369 bene
673 1310 823 1370 restituit
847 1310 894 1370 Bi.

180 1407 236 1468 Fr.
262 1409 336 1469 977.
360 1407 497 1487 τορευτά,
516 1409 596 1488 scii.
630 1407 773 1487 ποτήρια,
805 1413 840 1471 ut
872 1411 1020 1485 Apollod.
1046 1410 1113 1471 Gel.
1138 1410 1182 1469 IV
1206 1412 1281 1485 439,
1310 1427 1408 1484 quem
1432 1411 1513 1471 citat

229 1508 294 1585 Bl.,
326 1513 459 1570 tentans
490 1509 638 1587 πορευτόν.
669 1512 839 1586 Nusquam
864 1514 897 1573 in
921 1514 1089 1574 comoedia
1112 1509 1253 1591 πορνεαιὰ
1276 1511 1403 1588 ποτήρια
1427 1528 1511 1572 corn·

229 1613 407 1672 memorari
432 1616 546 1673 monet
570 1612 668 1674 idem.

181 1711 238 1770 Fr.
264 1712 338 1772 989.
363 1712 410 1772 Β1.
435 1711 469 1771 οἵ
487 1733 516 1770 τε
540 1710 643 1771 πολλοὶ
668 1710 724 1772 κιὲ.

180 1813 236 1871 Fr.
262 1813 337 1873 990.
362 1814 398 1874 111
418 1815 473 1874 ΒΑ
487 1815 593 1890 374,6
614 1815 663 1874 Bl.
685 1815 826 1876 coniecit
844 1813 989 1894 γράφεται
1009 1811 1041 1874 dt
1059 1811 1079 1892 ἡ
1099 1813 1173 1888 λέξις
1196 1813 1421 1895 ἀλάβαστον
1446 1818 1513 1887 (aut

229 1911 294 1972 aut
324 1911 558 1993 ἀλαβασαον)
591 1913 679 1992 χωρὶς
710 1923 764 1975 τοῦ
788 1914 807 1992 ᾗ
829 1914 912 1993 παρὰ
944 1915 1117 2000 Μενάνδρῳ
1150 1933 1207 1992 pro
1238 1913 1362 1992 μάλιστα
1389 1913 1447 1975 καὶ.
1480 1917 1512 1976 si

229 2015 306 2088 quid
331 2017 541 2094 mutandum,
567 2016 691 2078 sufficit
714 2021 932 2092 transponere
956 2016 1006 2076 καὶ
1026 2021 1101 2094 post
1121 2019 1150 2094 ῐν.
1176 2019 1266 2079 Idem
1286 2017 1417 2096 γύψινος
1441 2033 1512 2078 con·

230 2117 306 2176 iecit
317 2132 375 2193 pro
387 2117 538 2194 φηφινος,
556 2134 640 2192 quae
661 2135 725 2179 vox
744 2119 842 2180 dubia
862 2122 998 2180 vocatur
1020 2120 1167 2196 aPapio,
1188 2119 1245 2179 sed
1258 2119 1377 2193 legitur
1389 2118 1422 2178 in
1436 2134 1509 2194 pap.

231 2233 319 2292 mag.
344 2219 446 2280 PariS.
471 2221 568 2296 2931,
594 2235 642 2280 118.
670 2221 755 2282 1075
780 2221 980 2298 >denotabimur
1004 2219 1146 2298 ψηφίνον
1172 2218 1256 2292 ὄντος
1281 2218 1313 2279 ἐν
1336 2218 1405 2304 ι’ἐρφ
1429 2217 1485 2279 κτέ.

183 2317 238 2378 Fr.
265 2319 359 2380 1014.
384 2320 455 2380 Nou
477 2320 633 2382 debuerat
655 2323 828 2397 propagari
852 2322 972 2383 vitium
991 2322 1114 2384 dudum
1135 2324 1317 2382 correctum
1338 2321 1371 2381 in
1391 2321 1513 2395 Phryn.

232 2418 297 2478 Fet.
327 2420 388 2480 195
412 2421 628 2500 καταπύγωνος
651 2439 710 2498 pro
733 2423 949 2502 καταπύγονας.

185 2521 239 2580 Fr.
267 2522 362 2581 1026.
393 2521 486 2584 Pbot.
520 2523 718 2602 Καραννή·
756 2521 851 2601 ὄνομα
882 2530 959 2585 θεοῦ
990 2522 1161 2603 γυναικείας
1185 2521 1380 2583 Κιλικίαν·
1412 2522 1512 2582 οὕτω

235 2619 481 2702 Μένανδρος.
495 2624 910 2686 001101111Νο11011Μο1111
925 2624 1089 2688 1271011111
1103 2621 1343 2701 Μένανδρος
1364 2622 1514 2683 Κόλακι

233 2725 266 2783 et
288 2739 332 2784 ex
353 2723 518 2799 Hesychio
542 2726 740 2805 Kanebion.
765 2729 815 2788 An
840 2727 1020 2806 γυναικείας·
1046 2725 1160 2785 Κόλακι
1184 2724 1262 2786 οὕτω
1287 2721 1492 2802 Μένανδροςὶ)

186 2825 239 2884 Fr.
268 2824 363 2885 1030.
389 2825 476 2901 Lege
499 2826 749 2908 λησιοσαλπικπάς
774 2843 848 2888 cum
872 2829 989 2890 eodem
1013 2826 1098 2902 apud
1122 2826 1286 2888 Photium.
1310 2825 1395 2886 Hinc
1412 2826 1514 2900 Hesy-

233 2927 305 2986 chio
329 2941 386 3000 pro
410 2931 756 3009 ληστοσαλπιγγης
776 2929 932 2991 reddatur
951 2925 1306 3005 ληστοσαλιιικταί,
1326 2941 1391 2988 11011
1410 2930 1514 3008 λησιο-

235 3027 414 3106 σαλπιγκταί
435 3044 510 3089 011111
535 3030 583 3090 Bl.

187 3131 239 3190 Fr.
264 3132 358 3191 1033.
383 3131 476 3192 Ρ11ο1.
503 3133 543 3190 Μ
548 3129 753 3210 conderer*
777 3139 829 3208 τῆς
851 3130 985 3209 Εὐβοίας
1011 3129 1129 3209 ὅρμος
1153 3127 1203 3190 καὶ
1220 3128 1301 3208 ἱερὸν
1322 3132 1512 3201 Ἀπόλλωνος.

232 3232 333 3292 Recte
357 3229 459 3310 ὄρος,
481 3236 518 3293 nt
543 3232 680 3308 videtur,
706 3233 859 3307 Blaydes.

189 3333 239 3392 Fr.
268 3333 364 3394 1046.
389 3329 541 3393 ὄλολυν·
566 3331 749 3412 Μένανδρος
772 3333 823 3393 τὸν
846 3333 1020 3412 γυναικώδη
1044 3329 1093 3391 καὶ
1120 3331 1321 3392 caeteros
1343 3328 1393 3390 κα1
1417 3329 1510 3410 βάκη-

232 3438 293 3494 λον.
319 3435 463 3496 Pirotius.
488 3437 608 3496 Parum
628 3435 805 3510 probabilis
824 3438 876 3496 est
894 3434 1059 3508 Blaydesii
1077 3435 1267 3495 coniectura
1294 3433 1440 3493 κίναιδον.
1469 3434 1515 3493 De

233 3538 451 3616 μηπραγύριαις
486 3539 557 3599 sive
592 3537 695 3598 Gallis
729 3537 942 3612 cogitandum
978 3551 1051 3596 esse
1089 3535 1239 3595 arbitror.
1275 3535 1434 3606 Καιέθεος
1465 3539 1517 3596 est

234 3639 464 3700 fanaticus

191 3739 241 3799 Fr.
268 3741 363 3800 1055.
394 3737 581 3817 πέφηνας·
610 3739 642 3799 rb
673 3739 802 3816 εἴρηκας.
837 3737 1028 3816 Μένανδρος.
1054 3739 1185 3813 Optime
1206 3733 1418 3815 ’πέφηνας,
1442 3740 1462 3800 1.
1487 3755 1515 3799 e.

234 3839 391 3919 ἀπέφηνας
417 3842 517 3902 Kock.
543 3843 732 3902 inauditum
757 3845 809 3901 est
832 3842 1007 3902 Headirtmi
1029 3838 1167 3916 πέφηνας
1192 3841 1275 3917 (sic),
1301 3844 1335 3901 et
1358 3857 1421 3914 quo
1446 3842 1515 3902 inre

234 3941 371 4021 πέφηνας
394 3946 527 4004 tueatur
550 3944 598 4003 Bi.
624 3945 693 4018 ipso
717 3944 837 4002 videet.

192 4047 241 4107 Fr.
269 4047 363 4108 1058.
388 4043 651 4124 πορνοκόπος.
683 4045 729 4104 Cf.
763 4042 953 4121 δημοκόπος,
975 4047 1170 4121 κυνοκοιιεῖν,
1194 4041 1372 4121 ξυλοκόπος,
1395 4041 1516 4116 ξυλοκό-

235 4154 315 4226 πεῑν,
339 4146 484 4219 νεόκοπος
508 4151 561 4218 (=
576 4145 764 4222 νεόκοπκος),
790 4149 852 4206 etc.

192 4253 241 4314 Fr.
267 4257 361 4330 1083,
390 4257 417 4316 1.
451 4249 577 4313 Medela
608 4263 743 4323 prorsus
774 4249 908 4308 incerta.
942 4246 1146 4307 coniecturis
1177 4247 1267 4307 addit
1292 4247 1340 4306 Bi.
1367 4245 1439 4306 drab
1462 4242 1517 4322 μὲν

238 4353 317 4433 ἡμῶν
349 4359 384 4440 ζη
416 4378 458 4427 τις
489 4349 654 4430 ἀμέριμνον
686 4351 764 4426 βίον.
790 4383 829 4393 -
852 4349 907 4410 Vs.
933 4351 963 4409 2.
989 4349 1122 4408 Rectius
1147 4350 1248 4424 idem,
1273 4350 1307 4408 ni
1331 4348 1437 4424 fallor,
1462 4346 1517 4408 οὐκ

237 4457 411 4518 αἰτιᾶται
441 4454 497 4533 τὴν
527 4453 620 4532 τύχην
651 4450 841 4530 εὐδαιμονῶν
873 4468 931 4526 pro
962 4449 1098 4509 ε’πικαλεῑ
1117 4474 1142 4509 τι
1171 4465 1268 4524 quam
1296 4448 1456 4528 ἐγκαλεῖ
1475 4472 1517 4508 τι.

237 4560 316 4622 Nam
340 4561 446 4621 altera
469 4556 670 4630 coniectura,
697 4569 795 4627 quem
821 4555 891 4630 ipse
910 4553 1074 4628 praeferre
1099 4553 1238 4627 videtur,
1264 4553 1331 4612 tam
1353 4552 1519 4613 sententia

237 4661 412 4722 damnatur
445 4675 544 4734 quem
580 4658 813 4733 grammatica,
856 4671 940 4730 quae
976 4656 1125 4716 dativum
1162 4654 1356 4731 postularet.
1393 4656 1518 4715 Sensus

238 4765 339 4823 enim:
375 4779 453 4823 non
485 4775 656 4822 causam
689 4775 790 4819 suae
830 4758 1068 4819 felicitatis
1108 4758 1266 4818 tribuit
1304 4757 1517 4817 fortunae.

240 4863 417 4938 Opponitur
449 4879 496 4924 VS.
522 4869 541 4924 4
566 4861 661 4933 εὐθὺς
685 4859 903 4940 προσάπτει
931 4867 965 4935 ιη
988 4861 1061 4943 τύχη
1085 4857 1154 4936 τὴν
1177 4857 1517 4919 αἰτίαντ-αἰιιᾶιαι.

239 4963 379 5025 Verbum
411 4968 565 5024 αἰτιᾶσθαι
595 4969 647 5026 eet
678 4961 770 5040 μέσον
799 4961 879 5042 ῥῆμα
912 4963 943 5022 b.
968 4961 988 5022 i.
1018 4961 1241 5037 aptissimum.
1266 4995 1309 5003 -
1332 4960 1518 5022 Philemoni

239 5079 310 5126 oum
334 5065 495 5127 Meiuelrio
518 5067 627 5127 locum
651 5066 768 5127 tribuit
792 5065 913 5126 Nauck.
