3718 5788
922 503 983 562 170

334 679 486 741 Ceterum
517 683 594 756 quin
624 685 689 744 seri
718 687 891 764 poetastri,
923 703 987 749 non
1019 687 1201 762 Menandri,
1235 685 1267 745 hi
1300 701 1415 745 versus
1446 685 1516 744 sint
1547 685 1617 744 nul·

335 782 387 842 lus
411 783 533 844 dubito.

290 883 342 947 Fr.
366 885 441 960 555,
466 886 496 945 3.
532 889 591 957 τοῖς
623 887 701 959 ζῶσι.
732 888 779 950 ct.
808 891 884 967 593,
910 891 939 951 3.
971 891 1058 951 Num
1090 891 1166 965 quid
1195 889 1390 950 mutandum
1421 889 1466 949 sit
1490 889 1616 950 dubito.

334 984 416 1045 Cum
442 987 488 1046 sl.
512 987 628 1050 malim
652 989 760 1062 πάντες
780 985 808 1052 δ’
834 991 875 1064 εἰς
899 989 932 1051 σί
953 1013 994 1072 γε.

291 1085 341 1146 Fr.
367 1088 441 1162 556,
468 1089 497 1148 3.
523 1087 602 1166 οἴμοι
627 1088 697 1176 λλγρ
717 1095 786 1162 (ant
809 1095 877 1177 βοᾷ)
902 1095 993 1155 suasi
1017 1097 1094 1155 ante
1112 1094 1176 1170 Bt,
1201 1095 1300 1152 λαλεῖν
1321 1093 1383 1152 boc
1401 1107 1503 1152 sensu
1523 1107 1616 1152 usur·

334 1191 448 1263 patum
472 1193 661 1264 seculorum
684 1209 758 1257 esse
782 1212 933 1258 monens.

291 1289 342 1350 Fr.
369 1291 443 1366 557,
471 1293 501 1352 4.
529 1297 589 1364 τοῖς
613 1291 776 1374 ἀλλοτρίοις
800 1301 906 1359 metro
930 1297 1117 1373 damnatur,
1142 1296 1199 1357 sed
1223 1296 1349 1356 incerta
1371 1297 1423 1356 est
1447 1295 1617 1355 correctio.

334 1391 398 1450 Vix
422 1396 510 1454 recte
533 1399 594 1466 τοῖς
617 1392 762 1470 ἐναντίοις
786 1398 890 1474 Kock,
915 1397 1036 1459 melius
1055 1398 1104 1459 sl.
1125 1401 1199 1456 τοῖσι
1217 1405 1276 1455 τῶν
1296 1392 1400 1470 ττὲλας,
1418 1395 1476 1454 sed
1496 1411 1616 1470 parum

335 1493 501 1568 eleganter
518 1497 667 1571 repetitis
691 1499 800 1560 verbis
824 1501 857 1560 in
881 1500 996 1561 eadem
1020 1499 1097 1560 sede
1120 1498 1215 1560 lectis
1238 1513 1288 1558 vs.
1314 1500 1333 1558 2
1357 1495 1482 1571 (quidni
1505 1496 1618 1571 potius

334 1598 394 1665 τοῖς
429 1603 501 1654 τῶν
538 1599 759 1674 πλησίονί),
800 1601 891 1663 Idem
912 1597 1128 1680 προστιθέασιν
1158 1597 1321 1677 ἀλλοτρίοις
1349 1597 1498 1677 <ἔχειν>,
1529 1599 1615 1674 quod

336 1695 429 1758 valde
448 1697 608 1773 displicet.
633 1701 684 1761 Ita
707 1703 796 1763 enim
820 1700 982 1780 ἀλλοτρίοις
1006 1701 1135 1764 aoloeoe
1158 1704 1336 1777 poneretur
1358 1717 1417 1775 pro
1440 1697 1550 1772 ἄλλοις.

291 1797 342 1858 Fr.
367 1799 441 1874 558,
467 1800 496 1860 2.
521 1800 794 1876 supplementum
818 1821 931 1867 meum
956 1804 1073 1881 probat
1096 1805 1144 1865 Bl.

290 1899 340 1960 Fr.
355 1901 429 1961 560.
451 1901 555 1962 Locus
574 1907 627 1964 est
645 1907 927 1984 corruptissimus,
949 1907 1034 1982 qnod
1053 1909 1182 1982 praeter
1194 1903 1402 1966 deiicientem
1414 1904 1617 1964 sententiam

335 2003 443 2076 arguit
476 2004 633 2064 συνοικίαν
660 2007 770 2083 inepte
801 2012 993 2085 usurpatam
1028 2025 1086 2084 pro
1121 2007 1220 2068 οίιιίον
1250 2009 1285 2067 et
1315 2005 1435 2066 οἰκετῶν
1467 2021 1525 2080 pro
1557 2014 1617 2064 τῶν

335 2101 471 2180 οἰκετῶν,
500 2121 582 2180 qnae
605 2109 686 2169 vitia
712 2124 777 2170 non
802 2125 921 2171 curans
945 2111 1036 2171 Kock
1059 2111 1161 2170 nimis
1184 2108 1246 2169 sibi
1273 2107 1422 2183 placebat
1442 2123 1491 2167 vs.
1513 2109 1532 2166 3
1556 2123 1616 2181 pro

335 2205 467 2266 traditis
496 2205 570 2266 άλλά
600 2207 821 2288 παρέλιπον
851 2210 973 2270 οἰκετῶν
1002 2203 1107 2270 εἶναι
1130 2207 1233 2269 στάσιν
1256 2209 1463 2270 substituens
1492 2203 1568 2266 ἀλλ’
1593 2205 1615 2286 ἢ

335 2308 580 2386 παρενείρων
603 2309 724 2371 οίιιετσν
747 2315 885 2372 θεῖναι
907 2311 1024 2388 στάσιν,
1047 2313 1138 2389 prius
1162 2311 1314 2386 verbnm,
1343 2311 1427 2385 quod
1451 2311 1616 2383 sequioris

335 2409 388 2467 eet
421 2423 515 2486 usne,
552 2427 714 2488 usurpans
748 2416 785 2474 ut
814 2429 978 2488 nusquam
1010 2413 1193 2489 adhibetur,
1225 2413 1390 2487 posterius
1422 2415 1457 2472 nt
1479 2411 1614 2486 tragici,

336 2523 400 2568 non
425 2513 554 2588 comici,
580 2512 667 2588 loqui
692 2513 850 2579 assolent.
874 2515 990 2576 Melius
1015 2517 1103 2576 certe
1133 2514 1360 2590 proposuisset
1382 2507 1439 2572 ἀλλ’
1467 2508 1486 2590 ἢ
1515 2512 1612 2574 cod>

335 2613 579 2688 παραλείπων
609 2615 730 2676 οἰκετῶν
760 2621 893 2676 ποιεῖν
922 2616 1040 2690 στάσιν,
1066 2617 1162 2676 modo
1190 2614 1312 2675 οἰκετῶν
1335 2614 1474 2676 articulo
1501 2629 1615 2675 carere

334 2711 447 2784 possit.
469 2712 558 2788 Quod
581 2714 699 2778 sideri
719 2719 845 2794 nequit,
866 2719 1011 2779 nondum
1025 2733 1079 2778 me
1099 2719 1245 2793 poenitet
1266 2717 1387 2778 veteris
1406 2717 1616 2778 coniecturae

335 2814 500 2888 vs2sqt1.
519 2811 575 2894 ἐγὼ
598 2814 630 2876 τὸ
652 2817 775 2902 ,σῴζειν
791 2818 890 2891 <reug
909 2819 1033 2890 θεοὺς>
1056 2816 1110 2896 τὴν
1130 2817 1263 2896 οἰκίαν”,
1284 2813 1288 2898 Ι
1310 2813 1383 2876 ἀλλὰ
1405 2815 1615 2894 ,παρέχειν

333 2921 406 2972 τῶν
430 2913 552 2976 οιίτετῶν
570 2911 647 2978 εἶναι
666 2919 769 2980 στάσιν
790 2913 795 3003 Ι
816 2918 904 2980 ἔνδον
927 2914 994 2998 παρ’
1021 2917 1122 3002 αὑτῷ”
1147 2929 1269 2999 πρᾶγμα
1292 2919 1525 2999 χρησιμώτατον,
1549 2920 1570 2979 1.
1584 2935 1613 2979 e.

333 3030 391 3089 pro
415 3015 543 3090 vulgari
565 3020 710 3094 precium
733 3022 876 3082 formula
900 3022 1000 3082 aliam
1026 3037 1091 3082 non
1115 3023 1225 3082 minus
1249 3019 1414 3082 efficacem
1435 3020 1614 3081 substitue·

335 3114 421 3176 bam.
445 3116 632 3194 Compluris
662 3122 702 3182 de
728 3139 818 3183 more
842 3124 1028 3183 tentamina
1050 3123 1195 3198 profudit
1212 3123 1311 3185 ferax
1334 3122 1500 3197 Blaydesii
1525 3122 1613 3196 inge·

334 3217 440 3294 nium,
465 3235 603 3292 quorum
627 3224 740 3282 tamen
764 3224 845 3283 nihil
870 3223 1043 3285 satisfacit.

290 3317 341 3377 Fr.
366 3319 441 3380 561.
464 3327 516 3396 τῆς
535 3331 620 3393 σκιᾶς
640 3321 693 3400 τὴν
712 3325 888 3403 πορφύραν,
909 3326 928 3385 i.
947 3339 974 3384 e.
995 3339 1187 3401 purpuram,
1210 3339 1308 3400 qnam
1330 3325 1415 3386 vesti
1434 3325 1614 3385 intexendo

334 3420 451 3481 umbra
481 3420 636 3498 sllicitum
668 3427 841 3501 opponitur
871 3425 1028 3506 λευκόν,
1056 3428 1210 3502 lumen,
1245 3441 1293 3488 vs.
1320 3427 1351 3487 3.
1376 3426 1552 3501 Perperam
1578 3435 1615 3508 τῇ

334 3531 402 3603 σκιᾷ
425 3523 473 3583 Bl.
498 3523 622 3599 absque
645 3527 712 3587 ullo
735 3544 846 3591 sensu.

290 3622 342 3682 Fr.
366 3623 441 3700 562,
470 3626 497 3684 1.
521 3626 609 3687 Bene
632 3637 695 3700 πῶς
718 3633 830 3691 tuetur
853 3630 913 3707 Bl.,
938 3631 1025 3691 male
1050 3629 1232 3691 sollicitans
1255 3629 1383 3689 δεικνύω
1408 3645 1456 3690 vs.
1481 3631 1511 3690 3.

290 3724 340 3784 Fr.
365 3728 439 3801 663,
468 3730 496 3788 1.
519 3728 685 3791 Plutarchi
706 3732 805 3792 verba
825 3747 898 3792 esse
918 3735 1013 3807 putat
1036 3731 1099 3807 Bt,
1125 3732 1236 3792 nescio
1260 3747 1302 3792 an
1325 3733 1423 3792 recte.
1437 3763 1481 3772 -
1500 3730 1556 3791 Vs.
1583 3732 1614 3791 2.

334 3828 354 3890 l.
375 3825 553 3908 γί<γ>νορί
576 3836 608 3893 et
629 3836 707 3894 nota
726 3834 883 3894 festivum
903 3849 1087 3908 oxymoron
1099 3831 1203 3904 λεπτὸς
1215 3826 1328 3912 γίγνορί
1344 3830 1558 3910 εὐωχούμενος.
1572 3867 1614 3876 -

335 3931 389 3991 Vs.
414 3933 444 3992 3.
476 3931 510 3990 τὰ
541 3933 702 4010 σεεμμιίτια
733 3935 892 4010 hodieque
923 3951 977 3995 me
1004 3950 1081 3996 vere
1106 3935 1291 3995 correxisse
1314 3933 1465 3994 arbitror.
1490 3934 1617 3994 Iniuria

334 4033 425 4092 Kock
455 4035 535 4093 mihi
567 4035 685 4096 obiecit
709 4036 904 4096 deminutivi
928 4051 1040 4110 usum,
1073 4037 1239 4110 aptissimi
1263 4051 1317 4096 me
1340 4036 1459 4112 iudice,
1485 4035 1562 4109 quia
1586 4037 1615 4095 is

334 4136 388 4207 qui
413 4136 554 4208 loquitur·
578 4139 643 4197 ista
667 4139 859 4198 contemnit.
883 4171 921 4180 -
939 4137 994 4197 Vs.
1020 4141 1049 4197 4.
1074 4138 1122 4196 Bl.
1148 4138 1202 4197 olt.
1227 4136 1393 4212 Eupolidis
1416 4137 1455 4196 ir.
1483 4138 1556 4211 146,
1583 4139 1612 4212 2,

334 4251 394 4296 nec
413 4245 501 4297 recte
521 4238 568 4298 Bl.
594 4239 729 4314 probare
754 4238 993 4298 Melnelrianum
1022 4239 1195 4315 σκωμμάτια
1219 4239 1354 4313 apparet
1377 4253 1420 4297 ex
1443 4237 1616 4298 adieclivis

334 4339 417 4414 σοφά,
438 4343 470 4399 et
493 4339 684 4419 στρατηγικά,
710 4341 794 4415 quod
818 4341 938 4401 saltem
963 4337 1155 4419 στρατιωτικὰ
1179 4355 1253 4400 esse
1276 4339 1423 4401 debebat.

290 4444 341 4502 Fr.
366 4444 440 4516 564,
467 4443 496 4501 2.
533 4437 586 4517 μὲν
616 4433 672 4501 οὖν
703 4459 760 4517 pro
790 4441 884 4519 μόνον
916 4445 1005 4502 certa
1033 4443 1259 4503 Valckenaerii
1283 4441 1454 4517 correctio,
1478 4441 1614 4517 probata

334 4543 436 4604 etiam
460 4543 644 4616 Blaydesio.

290 4648 341 4706 Fr.
368 4648 442 4718 564,
468 4648 497 4704 4.
519 4645 619 4705 Recte
643 4647 791 4720 Bentley.
816 4647 864 4707 Bl.
888 4644 1005 4724 γυναιξί
1033 4680 1070 4689 -
1097 4645 1254 4716 πλείσταις.
1278 4645 1349 4706 Non
1373 4645 1502 4706 accedo.

290 4750 340 4808 Fr.
366 4750 440 4822 566,
470 4751 497 4808 l.
526 4746 597 4806 Vid.
622 4747 734 4808 Nauck
758 4748 830 4808 Mel.
854 4748 899 4807 Vl
922 4765 951 4824 p.
980 4748 1178 4809 litt-Vs.
1202 4749 1221 4808 3
1247 4750 1410 4826 κακουργεῖ
1429 4749 1543 4808 tuetur
1564 4745 1611 4808 Bl.

289 4851 341 4911 Fr.
366 4850 441 4910 586.
466 4849 515 4908 Ad
536 4848 757 4923 Trophonium
778 4852 939 4925 pertinere
958 4851 1095 4926 putabat
1107 4851 1229 4912 Nauck.
1243 4850 1349 4911 —Vs.
1363 4850 1383 4909 3
1396 4848 1468 4909 sine
1480 4848 1613 4908 nomine

334 4951 478 5011 auctoris
513 4950 613 5010 citare
648 4951 737 5010 Stob.
770 4952 835 5012 Ecl.
862 4954 892 5028 2,
919 4955 947 5012 7.
976 4953 1032 5025 13;
1057 4968 1088 5027 p.
1116 4953 1189 5028 124,
1216 4953 1234 5011 2
1268 4952 1381 5012 monet
1410 4949 1509 5010 idem.
1542 4949 1612 5010 Vid.

334 5068 435 5128 supra
458 5053 497 5112 ad
522 5052 560 5112 fr.
585 5051 661 5111 463.

1816 9 1849 393 λ

1842 448 1850 513 t

1843 574 1851 737 l
