3778 5796
853 499 893 556 37

255 678 483 752 corrigendum
515 694 588 740 esse
618 680 820 740 tralaticium
850 693 996 741 errorem
1025 675 1189 755 κινουμένη
1219 678 1252 738 in
1282 673 1455 755 βινουμένη.
1483 676 1534 738 Ad

254 779 441 856 καχνοιιελής
476 780 619 851 (ibidem)
659 780 699 840 ci.
729 782 846 841 notum
879 779 1089 855 proverbium
1121 775 1161 838 τὼ
1196 775 1273 858 (γὰρ)
1305 774 1393 854 σκέλη
1428 781 1534 855 παχεῖα

254 877 363 957 μισητὴ
385 881 474 959 γύνη.

299 981 485 1058 Anagyri
509 981 669 1057 relliquiis
693 984 838 1054 accessit
857 998 875 1044 e
895 983 1001 1044 lexico
1029 979 1216 1042 Sabbaitico
1238 997 1268 1055 p.
1296 983 1346 1057 17,
1364 981 1404 1041 10
1432 985 1532 1059 (Ἀρι-

254 1081 461 1160 assessori>
488 1082 638 1168 Ἀναγύρῳ

839 1181 1040 1262 tarracona,
1063 1177 1127 1244 ὥστ’
1154 1182 1195 1254 εἰς
1218 1180 1312 1260 μέσην

500 1282 601 1346 ἔπιπτε
624 1285 679 1364 τὴν
701 1286 817 1365 τάφρον

255 1383 324 1460 ubi,
361 1384 434 1446 coll.
465 1386 504 1446 ir.
536 1387 683 1464 41-43,
719 1386 759 1447 de
790 1401 873 1461 equo
907 1387 1033 1447 dictum
1065 1399 1139 1445 esse
1168 1384 1362 1462 stercoritae,
1391 1385 1533 1446 fortasse

256 1486 497 1562 ¹‚ausoatlmsn”
520 1486 712 1562 significans
735 1489 854 1548 statuit
878 1487 969 1549 Kock
993 1488 1073 1548 Mus.
1099 1487 1202 1568 Rhen.
1232 1488 1325 1562 1893,
1345 1502 1376 1561 p.
1402 1487 1477 1548 583.

209 1587 262 1648 Fr.
286 1589 338 1649 66.
363 1587 564 1664 Theopompi
587 1589 625 1649 ir.
650 1589 770 1651 11769
795 1591 828 1649 et
851 1589 928 1664 aye.
955 1589 1018 1649 282
1044 1587 1099 1648 cft.
1124 1587 1173 1647 Bl.

210 1687 264 1748 Fr.
289 1689 342 1749 68.
372 1688 458 1763 Apte
487 1689 536 1749 Bl.
567 1689 622 1750 cit.
653 1689 834 1765 Sophronis
862 1690 901 1750 ir.
928 1693 968 1750 51
993 1688 1043 1748 ναί
1063 1711 1101 1769 γα
1124 1685 1184 1766 μὰν
1207 1688 1311 1768 κόγχαι
1328 1686 1534 1766 -κεχάνανιι

255 1783 327 1865 άμὶν
350 1799 453 1850 πᾶσαν.

209 1890 262 1951 Fr.
288 1892 339 1953 75.
371 1891 453 1966 Quia
486 1889 615 1969 ἐκνεύει,
647 1895 684 1954 ut
718 1895 834 1954 monet
864 1893 971 1968 Koclr,
1003 1906 1166 1966 nusquam
1193 1891 1272 1952 alibl
1296 1890 1381 1966 apud
1405 1890 1534 1951 Atticos

255 1993 410 2070 occurrit,
434 1993 576 2054 tortasse
599 1994 793 2069 legendum:

814 2093 994 2155 ἐπινεύει
1017 2114 1052 2172 με
1075 2093 1200 2174 φεύγειν
1223 2090 1335 2169 οἴκαδε,

256 2194 277 2254 1.
302 2209 329 2257 s.
353 2195 576 2257 adunando
599 2196 829 2272 significat
854 2211 915 2257 me
937 2195 1087 2270 iugera
1111 2194 1285 2257 domum.

211 2295 264 2354 llr.
288 2296 340 2357 77.
365 2296 413 2357 Bl.
439 2297 494 2358 cn.
520 2296 609 2358 Gom.
629 2297 740 2372 adesp.
765 2297 829 2358 692
850 2303 969 2358 καιτνοῦ
993 2294 1081 2357 σκιὰν
1103 2292 1246 2356 δέδοικεν.

212 2395 264 2455 Fr.
289 2396 341 2456 80.
366 2394 413 2458 01.
437 2397 512 2459 Eur.
538 2397 610 2459 Hal.
638 2398 734 2459 1609.

211 2496 264 2557 Fr.
288 2497 341 2558 82.
365 2495 557 2570 ἀπέκτειναν)
580 2503 712 2575 propter
736 2500 894 2576 Hilbsrgii
918 2499 1102 2562 doctrinam
1125 2500 1215 2559 recte
1236 2499 1384 2573 postulat
1411 2497 1533 2558 Nauck.

212 2598 264 2658 Fr.
290 2599 342 2659 87.
366 2595 435 2660 ἀνθ’
456 2594 629 2679 Ἑρμιόνης
654 2600 736 2661 benc
759 2600 808 2662 Bl.

212 2699 264 2760 Fr.
291 2701 362 2762 103.
387 2701 425 2762 In
448 2702 557 2764 Photii
579 2702 650 2763 loco
673 2700 947 2781 κερννιεκιαομὲννς
970 2703 1010 2763 de
1032 2701 1127 2777 panis
1149 2701 1296 2761 nondum
1319 2701 1404 2762 cocti
1422 2715 1536 2761 massa

257 2801 382 2863 dictum
404 2803 536 2864 defendi
557 2818 654 2878 posss
684 2804 816 2865 videtur
839 2819 858 2864 a
881 2804 1047 2880 Blaydesii
1071 2802 1260 2864 coniectura
1281 2799 1536 2880 περιπεπαρμένος

258 2905 372 2985 lusura
396 2903 497 2988 ξύλῳ).

213 3004 264 3064 Fr.
292 3005 364 3066 105.
389 3005 540 3066 Antehac
562 3006 668 3066 suasi:

458 3105 516 3181 ,εἰ
537 3105 585 3185 μὴ
606 3101 821 3186 ’γκιλικίοαιμ’,
843 3103 1018 3185 ἐξολοίμηά,
1039 3106 1121 3183 φάθι
1144 3103 1246 3188 λέγων.

256 3205 304 3266 Bl.
338 3207 393 3267 cit.
429 3205 642 3280 ἒνθετταλίζειν
684 3208 807 3284 (Eupol.
845 3209 920 3279 201)
964 3217 997 3269 et
1031 3207 1171 3280 αἰολίζειν
1206 3209 1303 3284 Soph.
1339 3207 1377 3269 fr.
1414 3209 1479 3270 845
1493 3231 1534 3255 =

257 3307 322 3368 826
345 3301 441 3369 ch².

212 3408 262 3468 Fr.
290 3409 362 3470 loc.
388 3411 613 3486 proponebam
636 3404 747 3489 Λάχητ’
772 3395 834 3470 w!-
847 3410 898 3471 καὶ
922 3409 1083 3491 Μεγακλέα
1105 3409 1156 3471 καὶ
1178 3410 1334 3489 Λάμαχον.

213 3509 265 3570 l'r.
293 3511 364 3586 108,
392 3512 419 3571 1.
444 3520 538 3583 συκᾶς
561 3511 681 3589 φυτεύω
705 3511 831 3572 πάντα
854 3510 932 3589 πλὴν
955 3517 1145 3590 Λακωνικῆς.

302 3610 446 3690 liotore,
482 3614 567 3687 quod
600 3614 689 3676 iusto
723 3613 941 3676 confidentius
976 3615 1084 3675 textui
1113 3614 1226 3674 intulit
1256 3613 1362 3691 Koch,
1395 3617 1538 3677 nonest

257 3713 365 3788 aptius
399 3729 499 3788 quam
529 3716 559 3777 si
589 3715 692 3777 latins
722 3717 813 3777 dicas
843 3717 957 3778 ficus
980 3716 1104 3776 valde
1133 3731 1242 3792 sero,
1268 3718 1327 3776 aut
1350 3716 1536 3790 germanice

258 3815 325 3876 ich
360 3815 530 3892 pilanae
564 3819 661 3878 sehr
695 3817 1017 3893 Fsigenbaume.
1053 3817 1131 3878 Mihi
1165 3819 1224 3878 aut
1253 3832 1372 3877 sanum
1408 3817 1538 3878 videtur

257 3916 367 3996 πάντα,
389 3919 487 3980 modo
509 3933 684 3980 sumamus
706 3919 809 3980 fuisse
833 3920 866 3981 in
890 3919 1095 3995 praegressis
1118 3915 1192 3978 κατὰ
1210 3917 1262 3978 τὸν
1281 3915 1373 3996 ἀγρόν
1392 3917 1537 3979 similive

260 4019 351 4099 quid,
386 4022 445 4081 aut
479 4020 627 4081 admissa
660 4019 813 4081 Meinekil
849 4021 932 4081 coni.
968 4023 1050 4080 νιάνν
1084 4040 1125 4096 ιι,
1157 4033 1293 4079 vsrsum
1327 4018 1376 4080 sic
1406 4019 1535 4095 explen-

260 4119 337 4179 dum
361 4135 453 4181 csse:

395 4215 494 4286 (οὐδ’
519 4219 604 4301 ἐγὼ)
632 4230 724 4294 συκᾶς
747 4221 867 4297 φυτεύω
891 4221 994 4283 πάνυ
1014 4243 1048 4281 τι
1070 4219 1149 4298 πλὴν
1172 4224 1363 4298 Λακωνικῆς.

261 4322 469 4395 quodetiam
494 4323 650 4399 praefero.

218 4421 268 4484 Fr.
294 4423 366 4499 109,
392 4424 421 4484 8.
445 4425 532 4485 Ante
544 4424 592 4485 Bl.
613 4424 706 4485 suasi
724 4420 863 4501 διέλκειν,
883 4425 1126 4486 dubitabundus
1144 4427 1257 4486 tamen
1277 4425 1317 4485 ob
1336 4427 1539 4500 praegressis

260 4525 415 4606 aoristos,
440 4527 474 4586 et
497 4540 546 4586 vs.
570 4525 591 4585 4
615 4522 752 4603 ῥυπαρὸν
775 4539 833 4601 pro
856 4524 997 4604 λιπαρὸν,
1026 4527 1110 4601 quod
1140 4525 1265 4602 placuit
1288 4525 1387 4586 etiam
1412 4525 1538 4588 Nabsro

260 4627 294 4686 et
317 4625 504 4703 Blaydesio,
537 4626 592 4701 qui
622 4629 738 4688 tamen
768 4626 839 4702 ipse
863 4627 1040 4688 violentius
1065 4628 1148 4689 coni.
1171 4625 1314 4705 καθαράν
1336 4648 1365 4686 ιε
1389 4625 1540 4706 ῥάφανον.

261 4727 365 4788 Hodie
388 4728 501 4788 dubito
524 4741 566 4787 an
589 4725 715 4805 λιπαρὸν
739 4727 846 4802 possit
868 4727 1007 4789 defendi.

218 4829 268 4890 Fr.
295 4831 368 4906 110,
396 4832 423 4891 1.
456 4829 526 4890 Non
558 4829 728 4890 nominato
760 4831 869 4906 poeta,
892 4830 923 4890 h.
949 4844 998 4890 vs.
1022 4829 1086 4905 legi
1110 4830 1195 4906 apud
1217 4829 1358 4890 Atilium
1383 4829 1537 4891 Fortuna·

260 4935 346 5007 tum,
372 4930 457 4992 Keil.
483 4930 536 4993 Gr.
560 4930 632 4993 Lat.
656 4929 701 4990 Vi
725 4945 755 5006 p,
779 4931 853 5008 291,
883 4933 898 4991 1
923 4932 1052 4992 monuit
1076 4931 1198 4993 Nauck.

220 5031 270 5092 Fr.
296 5034 369 5092 111.
400 5031 601 5108 Arconneso
631 5030 786 5108 intellego
810 5031 850 5092 de
872 5031 1017 5106 platanis
1039 5032 1185 5093 ordine
1208 5035 1241 5092 st
1265 5033 1364 5094 certis
1386 5033 1540 5094 interval·
