3778 5796
896 537 915 596 9

284 721 387 784 lateat
413 739 548 786 necesse
573 729 638 802 est,
668 727 726 787 sed
756 725 1031 800 acquiescendum
1059 725 1201 786 arbitror
1229 727 1263 786 in
1286 726 1417 787 iliorum
1442 739 1564 786 correo·

286 823 385 885 tione.
411 858 452 868 -
476 827 514 886 In
537 827 589 888 Fr.
614 828 679 889 272
703 823 869 910 bodracum
894 831 983 887 recte
1006 827 1148 900 Blaydes
1170 827 1326 902 postulat.

243 924 508 987 incertarum
551 928 793 989 fabularum
835 928 1033 1002 fragmentis
1069 943 1086 988 e
1121 927 1369 990 Philetaero
1404 925 1477 984 Vet.
1513 922 1563 983 ed.

287 1023 377 1086 Oohn
400 1027 482 1088 Mus.
506 1029 612 1090 Rhea.
636 1044 666 1091 a.
692 1031 792 1106 1888,
824 1044 855 1104 p.
880 1030 943 1089 411
977 1029 1119 1090 accessit
1142 1030 1221 1090 hoc:
1245 1026 1366 1108 λαγὼς
1389 1023 1440 1086 διὰ
1463 1031 1516 1084 τοῦ
1540 1045 1563 1082 α

286 1125 415 1206 μεγάλου
439 1124 456 1188 ὸ
479 1135 614 1208 χερσαῖος
643 1129 726 1210 παρὸ
748 1135 809 1203 τοῖς
832 1134 978 1202 Ἀττικοῖς·
1008 1129 1123 1210 λαγὸς
1147 1127 1180 1191 di
1204 1127 1220 1192 ὸ
1248 1128 1367 1202 ἀστικὸς
1395 1129 1427 1199 (l.
1449 1125 1563 1186 θαλάσ-

286 1231 375 1305 σιος),
397 1227 472 1303 φασὶ
496 1227 528 1290 δὲ
554 1238 660 1292 τοῦτον
680 1230 730 1291 καὶ
747 1231 795 1292 ἴον
813 1229 890 1310 ἔχειν
908 1229 959 1290 καὶ
971 1231 1041 1304 τοὺς
1052 1231 1207 1311 πονηροὺς
1220 1229 1236 1293 ὸ
1251 1234 1399 1311 Κρατῖνος
1418 1225 1563 1307 λαγοὸς

285 1333 374 1390 καλεῖ.
399 1329 445 1392 01.
471 1333 589 1394 Athen.
615 1333 797 1395 1114011).
822 1367 864 1377 -
889 1334 1038 1394 Indidem
1063 1335 1162 1396 haec:

440 1433 632 1512 πατρικὸς
655 1433 743 1511 φίλος
766 1431 832 1514 cdxi
855 1443 1045 1516 πατρῷος·
1069 1432 1120 1494 καὶ
1144 1431 1160 1496 ὸ
1185 1438 1333 1514 Κρατῖνος

841 1533 984 1614 πατρικὸς
1008 1532 1051 1596 ὢν
1074 1535 1163 1614 φίλος

528 1635 598 1698 τάδε
621 1637 823 1716 πυνθάνομαί
844 1655 908 1699 σου.

241 1736 291 1797 Fr.
317 1737 392 1813 278,
412 1738 442 1798 8.
467 1739 555 1800 Bene
574 1740 749 1815 vulgatum
769 1743 883 1802 tuetur
905 1740 969 1816 Bi,
994 1741 1051 1816 qui
1075 1741 1125 1811 (ad
1149 1740 1189 1800 ir.
1208 1741 1284 1808 275)
1304 1739 1337 1797 10
1357 1737 1565 1813 Hippocratis

283 1837 354 1900 loco
377 1843 465 1901 recte
490 1844 549 1902 aut
571 1841 744 1920 μασιίςουσι
768 1846 827 1903 aut
850 1850 978 1902 πατοῦσι
1000 1842 1148 1916 requirit.
1210 1912 1217 1924 ‚

241 1937 292 1999 Fr.
318 1940 393 2001 270.
425 1939 507 2001 aito
538 1941 607 2014 τοὺς
631 1959 691 2019 ego
717 1943 798 2004 olim
827 1945 860 2004 in
884 1937 1078 2022 αο18’γὼ,
1101 1945 1218 2018 postea
1239 1941 1287 2002 Β1.
1313 1942 1424 2001 minus
1447 1939 1564 2000 leniter

284 2041 317 2100 in
348 2039 506 2118 αὐλήσα
536 2042 742 2106 refluximus.
772 2045 923 2106 Alterum
954 2047 1067 2105 utrum
1098 2058 1215 2105 verum
1239 2044 1301 2104 est.
1328 2043 1487 2118 Apposite
1511 2040 1564 2101 hic

283 2142 339 2202 cit.
362 2142 459 2218 Vesp.
485 2145 563 2222 582,
588 2147 644 2206 ubi
668 2145 780 2207 forsan
802 2150 891 2208 recte
914 2146 992 2206 hinc
1011 2139 1094 2216 ἑξόδί
1121 2160 1179 2220 pro
1203 2143 1308 2217 ἔξοδον
1332 2143 1481 2205 00010011.

240 2243 291 2304 Fr.
316 2243 392 2305 277.
427 2245 475 2306 Bi.
511 2245 568 2308 cit.
599 2247 681 2308 Nub.
717 2248 793 2309 988.
828 2248 905 2322 Lys.
936 2248 1011 2308 439.
1044 2247 1164 2307 Aesch.
1199 2245 1342 2321 dhoepn.
1378 2245 1458 2322 895,
1494 2245 1565 2304 iure

284 2347 463 2408 defendens
486 2348 587 2430 κάθῃ.

240 2447 292 2507 Fr.
318 2449 393 2509 278.
426 2449 475 2509 Ex
505 2448 652 2511 zonarae
680 2448 912 2511 observatione
935 2452 1195 2511 consentaneum
1220 2450 1272 2509 est
1294 2447 1464 2510 cratinum
1488 2447 1564 2508 scri·

284 2549 392 2624 psisee
422 2551 615 2625 aedrtdvav,
645 2554 684 2613 ut
714 2553 781 2613 iem
812 2552 861 2612 Bi.
894 2552 1016 2612 vidisse
1047 2551 1287 2612 animadverto.
1313 2585 1353 2596 -
1381 2551 1438 2628 „In
1470 2551 1563 2611 heo-

282 2649 472 2713 losicone
504 2653 761 2728 Aristophanem
796 2654 938 2715 eundem
970 2655 1133 2714 incertum
1164 2653 1274 2713 locum
1298 2651 1453 2713 habuisse
1476 2651 1565 2712 lucu·

282 2751 389 2814 lenter
411 2755 547 2829 exponit
571 2755 749 2830 Zielinsky,
781 2755 1084 2816 Marchencomedie
1115 2769 1145 2829 p.
1171 2755 1223 2815 38.
1255 2753 1327 2814 Huc
1357 2753 1500 2814 fortasse
1524 2751 1563 2812 ir.

285 2852 347 2914 287
373 2855 581 2916 referendum
606 2858 690 2918 est’'.
715 2856 751 2918 Ο.
776 2855 922 2918 (husius.

239 2955 291 3016 Fr.
324 2957 399 3018 279.
441 2957 557 3018 Melius
599 2974 699 3033 quam
741 2958 832 3020 Kook
873 2957 986 3019 Nauck
1020 2951 1040 3016 τ’
1074 2954 1258 3035 ἐμαυτῆς,
1297 2955 1440 3029 Biaydes
1470 2974 1506 3014 τε
1537 2947 1560 3032 γ’

291 3053 416 3134 αὐτὴν
452 3059 503 3119 vel
533 3080 570 3119 ιε
601 3059 751 3137 ταύτην
775 3060 997 3121 coniecerunt.

238 3158 290 3218 Fr.
315 3159 394 3235 280,
418 3160 446 3220 si
470 3176 604 3236 sanum,
630 3162 755 3222 dictum
779 3163 812 3221 in
836 3177 893 3222 eos
913 3162 968 3236 oui
987 3159 1085 3222 rebus
1106 3175 1260 3236 perverse
1278 3161 1427 3220 utuntur.
1448 3157 1565 3218 Kockii

282 3261 470 3322 coniectura
496 3263 580 3322 mihi
603 3263 715 3323 minus
738 3262 846 3338 placet
869 3277 968 3337 quam
992 3262 1183 3336 Biaydes103
1208 3261 1264 3336 qui
1283 3263 1409 3322 temere
1428 3261 1562 3335 insuper

284 3363 392 3422 tentat
414 3358 579 3435 ἀνάπλεως.

237 3462 289 3524 Fr.
314 3462 389 3524 282.
414 3464 507 3525 Kock
529 3462 682 3542 διαιήνισε
704 3463 757 3525 τὸν
779 3464 878 3545 λόγον.
898 3466 1026 3528 Vitiosa
1048 3464 1221 3540 anapaesti
1245 3478 1382 3525 caesura
1406 3477 1471 3524 sec.
1496 3461 1561 3537 Β1.,

284 3565 339 3638 qui
363 3565 432 3640 ipse
457 3568 567 3627 tentat
588 3574 695 3626 τοῦτον
719 3565 894 3643 barnimero
918 3567 955 3627 ob
978 3565 1030 3627 τὸν
1053 3566 1143 3646 λόγον
1166 3570 1278 3638 καλῶς,
1301 3565 1418 3626 deletis
1444 3578 1562 3640 parum

282 3666 495 3741 probabiliter
525 3669 636 3730 verbis
666 3664 720 3746 μὲν
751 3659 822 3746 οὖν,
851 3669 969 3744 quibus
1000 3669 1143 3729 servatis
1166 3668 1355 3743 scripserim
1380 3673 1487 3726 τοῦτον
1510 3659 1565 3742 μὲν

282 3757 340 3825 οὖν
360 3765 365 3845 Ι
386 3773 483 3839 καλῶς
506 3768 680 3846 demortuae
705 3769 743 3830 σὺ
761 3768 814 3830 τὸν
834 3771 924 3850 λόγον
943 3791 1004 3846 ug,
1024 3775 1065 3840 (v.
1087 3785 1114 3832 0.
1135 3769 1214 3844 μάλα
1226 3783 1252 3829 8.
1274 3767 1356 3826 πάνυ
1376 3783 1402 3828 s.
1421 3764 1563 3843 σφόδρα).

238 3868 289 3928 Fr.
315 3869 379 3929 284
410 3870 628 3932 distribuendi
659 3886 733 3932 cum
764 3872 888 3933 Kockio
916 3873 1003 3932 inter
1030 3871 1112 3932 duas
1136 3883 1295 3947 personas
1318 3867 1444 3928 nuliam
1469 3867 1563 3926 video

285 3971 530 4033 necessitatem.

240 4069 292 4130 Fr.
317 4072 381 4132 288
405 4088 453 4147 eq.
479 4073 525 4134 01.
550 4075 715 4149 Biaydesii
741 4076 945 4138 collectanea
967 4091 998 4151 p.
1026 4078 1077 4136 11.

240 4171 291 4232 Fr.
317 4173 381 4234 290
404 4171 531 4252 ἀρίστων
554 4176 679 4237 ironice
701 4177 828 4238 dictum
852 4191 925 4238 esse
949 4177 1018 4238 iure
1042 4172 1213 4238 contendit
1236 4176 1271 4236 0.
1293 4173 1438 4235 Orosius.
1466 4171 1563 4232 Falso

283 4274 383 4348 igitur
406 4276 508 4337 etlam
532 4277 581 4338 Bi.
606 4279 747 4339 coniecit
771 4277 892 4354 ἀνδρῶν
914 4285 1076 4357 γυναικῶν.

240 4375 292 4436 Fr.
318 4376 393 4438 294.
417 4373 516 4456 ὸρχιαν
539 4375 599 4454 εἰμὶ
619 4387 691 4438 νῦν
716 4379 889 4458 Ἀθηναίοις
914 4376 979 4456 ἐγώ.

328 4475 409 4539 Vide
440 4494 482 4539 ne
512 4480 662 4541 additum
694 4489 752 4538 νῦν
783 4481 900 4541 Κο0101
924 4479 1188 4555 interpretationi
1212 4477 1334 4540 obstet.
1358 4477 1470 4538 Potuit
1492 4474 1565 4561 οἴνῳ

283 4575 425 4658 ἐπαρθείς
448 4581 496 4642 ita
519 4581 607 4654 loqui
630 4583 805 4658 quispiam.
831 4581 877 4643 Gi.
902 4582 1057 4656 Baccbyi.
1081 4582 1121 4642 ir.
1142 4580 1219 4656 27,6
1240 4589 1314 4639 πᾶσι
1337 4574 1364 4638 d'
1388 4575 1565 4654 ἀνθρώποις

283 4681 481 4758 μοναρχήσειν
505 4682 591 4742 δοκεῖ
609 4687 643 4744 01
666 4687 722 4744 Ar.
742 4683 798 4757 110.
820 4684 862 4743 29
882 4699 952 4758 sqq.
978 4683 1068 4759 Quod
1092 4682 1190 4744 sitta
1213 4683 1283 4755 est,
1308 4681 1400 4743 iocus
1423 4679 1565 4740 fortasse

283 4779 323 4841 ad
347 4779 533 4856 Pytinen
558 4786 611 4844 est
633 4782 833 4845 referendus.
1508 4817 1511 4822 v

239 4880 290 4942 Fr.
315 4883 391 4942 295.
415 4883 527 4944 Nauck
552 4883 653 4946 verba
676 4885 725 4946 sic
748 4884 902 4959 digessit:

904 4981 937 5058 ὸς
961 4983 1016 5063 τὸν
1039 4985 1128 5046 ιιίιῦν
1153 4983 1302 5062 ἔκαμπτεν

571 5083 660 5158 ἑστὸς
682 5090 821 5164 χαμᾶθεν
845 5092 913 5162 (pro
937 5084 1085 5164 χαμάθεν)
1109 5084 1206 5163 ἄκρας
