3778 5796
857 507 896 568 15

208 689 263 755 Fr.
288 694 341 770 64,
366 694 397 755 8.
428 687 464 752 ἵν’
499 690 593 752 ἐλάλει
623 694 793 756 Hermann
825 692 886 765 (ἵνα
915 698 990 778 λαλῇ
1014 696 1088 770 Βλ.);
1113 696 1264 757 διαλαλεῖν
1287 697 1398 762 Cobet.
1422 707 1533 783 (μειρα-

255 792 347 853 κίοισι
369 799 469 854 λαλεῖν
491 795 561 865 Bt).
585 795 793 857 Alterutrum
816 795 955 856 Debreei
979 798 1187 860 coniecturae
1210 801 1353 876 praefert
1374 803 1497 867 Nauck.

209 893 264 956 Fr.
289 897 341 958 65.
366 893 531 973 έμπολῆσαι
555 912 667 958 meum
692 897 809 972 probat
832 897 880 958 Bi.

208 997 263 1058 Fr.
288 999 340 1060 68.
365 1001 395 1059 2.
419 999 557 1074 Propter
581 999 698 1060 duram
723 1000 896 1076 anapaesti
919 999 1113 1062 incisionem
1137 1002 1186 1062 Β1.
1208 1003 1305 1065 malit
1328 999 1384 1064 οἴσ’
1410 1005 1532 1086 ἰσχάδας

254 1122 305 1176 μοι
338 1097 394 1160 κτέ.
418 1133 460 1143 -
485 1100 586 1161 Vae
621 1102 750 1178 requiro
785 1099 1011 1180 βαρβάρως,
1049 1104 1124 1177 quia
1155 1103 1318 1183 βαρβάροις
1349 1109 1532 1182 postularet

253 1202 441 1264 articulum.

207 1302 260 1362 Fr.
286 1305 338 1376 69,
359 1305 390 1365 4.
414 1305 569 1364 Fortasse
592 1307 680 1366 reete
696 1303 745 1366 Β1.
767 1303 816 1378 [τί]
829 1304 912 1382 λάβω
931 1303 1054 1383 κεράσαι
1075 1321 1122 1365 σοι
1140 1303 1195 1383 τὴν
1214 1307 1408 1387 κοτυλίσκην;
1428 1311 1484 1373 Vs.
1499 1314 1528 1374 7.

252 1403 345 1481 μέλην
368 1421 426 1481 pro
449 1402 524 1482 ἐμὴν
548 1405 665 1468 Naber.

206 1505 259 1566 Fr.
285 1507 338 1583 70,
365 1509 394 1568 2.
425 1506 594 1567 παντάπασι
618 1504 673 1585 μέν
694 1499 751 1569 οὖν
775 1511 977 1572 coniunctim
1004 1514 1038 1571 et
1060 1511 1181 1584 raptim
1205 1514 1411 1586 pronuntiari
1433 1520 1529 1591 putat

250 1607 316 1684 B1.·,
352 1610 463 1683 itaque
496 1609 574 1671 ferri
607 1625 704 1686 posse
739 1613 912 1687 anapaesti
943 1612 1152 1686 incisionem
1185 1628 1233 1673 vs.
1266 1616 1285 1674 4
1317 1615 1414 1676 malit
1443 1616 1473 1676 τί
1498 1613 1526 1677 δ’

250 1707 355 1780 οἴνους
378 1709 498 1790 τέσσαρα
522 1715 578 1783 (sc.
603 1707 687 1788 μέρος)
712 1714 815 1789 recte,
841 1729 890 1774 vs.
916 1715 935 1774 5
960 1712 1103 1790 probans
1126 1727 1239 1774 meum
1263 1709 1290 1773 c'
1316 1713 1383 1774 έλει.

204 1811 256 1872 Fr.
283 1814 326 1873 70
351 1813 386 1874 0.
411 1812 549 1874 Grusius
573 1813 667 1884 (Mus.
691 1813 752 1874 Rh.
778 1815 831 1890 42,
859 1816 922 1875 199
946 1823 1006 1890 sq.)
1024 1808 1078 1874 'sic
1102 1813 1260 1889 disponit:

562 1911 683 1994 άνδρες,
705 1915 844 1995 πρόσχετε
867 1914 919 1976 τὸν
942 1923 1018 1977 νοῦν
1041 1959 1143 1990 ,Ν-

561 2062 626 2090 w
649 2013 824 2096 έξενρήματι
846 2026 941 2101 καινῷ

562 2117 761 2194 συματάκτοις
784 2115 989 2190 άναπαλστοις.

203 2217 256 2278 Fr.
283 2219 326 2278 80
349 2220 381 2280 4.
405 2213 601 2297 νάμιτέιτρησο
626 2219 752 2281 Kaibei.

204 2318 255 2380 Fr.
281 2321 335 2397 81,
366 2322 393 2381 1.
436 2321 550 2383 Deleto
592 2337 723 2384 mecum
765 2320 946 2400 τριωβόλου,
987 2322 1078 2383 Kock
1119 2324 1203 2385 coni.
1245 2324 1437 2402 κραπατάλον
1476 2325 1525 2386 καλ

247 2421 423 2496 poetae,
451 2426 556 2500 recte,
589 2425 686 2486 modo
716 2423 881 2485 scribatur
911 2422 1087 2501 ψωθέου,
1109 2425 1338 2487 nominativus
1360 2428 1449 2488 enim
1473 2433 1526 2490 est

245 2523 371 2600 ματαίου
385 2526 598 2605 :precipua
623 2527 710 2588 teste
733 2525 913 2586 Athenaeo.

203 2623 255 2686 Fr.
282 2627 336 2702 95,
361 2628 392 2687 3.
417 2625 628 2708 έμχαρυβδέσαι
651 2627 792 2689 coniecit
814 2625 914 2687 Platt.

202 2725 253 2787 Fr.
282 2728 336 2788 96.
860 2732 921 2799 τοῖς
945 2723 978 2788 (λέ
999 2731 1113 2806 κριταῖς

624 2835 684 2903 τοῖς
708 2827 778 2891 νννλ
800 2827 986 2909 κρίνουσι
1008 2826 1098 2910 λέγω,

625 2926 694 3010 μηδ’
722 2930 871 3010 ἐπιορκεῖν
893 2924 965 3010 μηδ’
990 2927 1101 3004 σἀλίκως

623 3033 736 3109 κρίνειν
758 3030 814 3093 κτέ.

243 3133 418 3196 Manifesto
460 3137 628 3197 sententia
665 3135 813 3211 postulat
846 3136 995 3196 (uturum
1029 3143 1229 3214 κρινοῦσι,
1262 3151 1342 3197 nam
1376 3140 1521 3212 peractis

242 3235 379 3297 demum
403 3236 523 3298 fabulis
546 3235 646 3298 flebat
674 3237 843 3299 iudicium.
871 3236 917 3298 De
940 3237 1088 3299 numeris
1112 3236 1152 3298 ci.
1176 3253 1207 3298 v.
1233 3253 1260 3299 c.
1283 3236 1323 3299 ir.
1347 3239 1397 3316 13,
1421 3241 1449 3300 1.
1474 3240 1520 3301 De

242 3340 410 3401 sententia
433 3339 482 3400 Β1.
506 3341 676 3414 praeterea
700 3340 755 3401 cit.
777 3337 859 3400 Nub.
887 3339 971 3400 1115
995 3341 1029 3400 et
1051 3341 1113 3401 av.
1141 3340 1221 3400 1101
1248 3354 1297 3414 sq.

201 3441 249 3503 Fr.
280 3444 352 3518 101,
378 3443 407 3504 2.
433 3437 529 3519 ἐγχέαι
551 3444 587 3502 et
608 3457 739 3502 mecum
764 3440 860 3518 μάρου
884 3440 933 3501 Β1.

200 3543 249 3604 Fr.
278 3545 351 3605 104.
375 3545 512 3605 Temere
536 3543 584 3605 Bi.
609 3539 719 3602 ἔδωκεν
742 3559 800 3619 pro
823 3543 1003 3604 sanissimo
1027 3540 1164 3619 ἔφασκεν.

199 3645 248 3707 Fr.
277 3647 350 3723 108,
376 3647 406 3707 2.
441 3644 632 3720 improbata
665 3659 742 3705 mea
775 3645 966 3706 coniectura
1004 3641 1167 3724 ἠρτυμέναι,
1203 3658 1304 3718 quam
1338 3659 1419 3705 sane
1452 3661 1518 3707 non

241 3763 355 3824 urgeo,
387 3749 458 3823 ipse
488 3747 579 3808 Kock
609 3748 711 3807 nimis
741 3744 944 3808 confidenter
972 3747 1103 3822 reponit
1128 3743 1302 3828 ᾠκισμένοις
1326 3749 1521 3821 (praestaret

240 3849 362 3910 saltem
391 3845 580 3927 αἰτουμένοις
611 3849 669 3909 aut
699 3845 884 3930 ᾡκημὲνσις),
910 3864 974 3909 non
997 3850 1156 3923 reputans
1178 3847 1300 3922 requiri
1324 3851 1412 3909 certe
1434 3849 1519 3923 quod

240 3953 316 4027 apte
339 3951 495 4026 iungatur
524 3965 600 4011 cum
630 3957 703 4008 πᾶσι
726 3947 861 4028 τρόποις,
884 3964 966 4024 quae
989 3965 1042 4011 res
1065 3950 1188 4025 premit
1211 3949 1313 4010 etiarn
1338 3950 1518 4011 violentam

239 4052 407 4127 Blaydesii
438 4051 657 4113 mutationem
687 4047 719 4109 έν
742 4059 814 4109 πᾶσι
838 4043 865 4109 δ’
893 4083 932 4092 -
955 4047 1028 4122 ἔζων
1057 4048 1128 4110 τότε.
1159 4050 1260 4112 Recte
1290 4053 1403 4111 tamen
1434 4051 1518 4111 vidit

240 4151 390 4233 ἠρτυμέναι
412 4153 500 4214 male
522 4153 614 4228 iungi
638 4166 713 4212 cum
738 4149 846 4212 verbis
865 4148 897 4210 έν
919 4159 1011 4210 πᾶσιν
1030 4148 1168 4230 ἀγαθοῖς.
1192 4151 1341 4213 venitin
1354 4154 1516 4213 mentem:

439 4251 503 4314 καλ
526 4262 618 4312 πᾶσιν
640 4249 771 4332 ἀγαθοῖς
793 4250 883 4311 παντὶ
906 4251 1005 4338 τρόπῳ
1029 4248 1261 4332 ἡρμοσμένα

239 4360 281 4419 et
304 4373 396 4419 oum
428 4356 623 4418 omnibus
658 4354 784 4415 rebus
817 4355 950 4415 laetis
984 4355 1096 4415 omni
1127 4355 1247 4416 modo
1286 4355 1517 4416 coniuncta

238 4475 295 4535 pro
318 4456 357 4518 έν
383 4491 422 4500 -
447 4453 698 4537 εἰργασμένα.
722 4487 759 4496 --
775 4455 831 4516 Vs.
857 4457 887 4517 5.
911 4456 1066 4517 Fortasse
1089 4460 1178 4516 recte
1202 4455 1250 4516 Bi.
1272 4453 1391 4515 αὐταῖσι
1414 4455 1516 4533 μυστί-

237 4563 316 4620 λαιοι
338 4557 389 4620 καλ
412 4567 529 4619 ναστῶν
551 4567 653 4641 τρνφῇ
676 4561 744 4633 (pro
767 4556 887 4636 τρύφη),
914 4556 986 4618 0011.
1006 4556 1045 4618 fr.
1066 4558 1140 4633 130,
1163 4558 1191 4618 7.
1207 4590 1246 4600 -
1260 4557 1316 4618 Vs,
1335 4558 1365 4618 6.
1386 4555 1516 4618 Kaineii

237 4664 319 4726 coni.
354 4659 552 4740 ααάτομάτοις
583 4675 649 4722 non
679 4658 846 4734 intellego.
871 4692 913 4702 -
933 4658 989 4718 Vs.
1015 4658 1080 4718 859
1111 4661 1209 4720 teneo
1231 4661 1379 4720 veterem
1403 4673 1515 4719 meam

238 4751 320 4827 00111.
345 4763 523 4838 σίζοντες
547 4767 614 4838 (pro
639 4757 761 4834 ζέοντες)
785 4759 938 4821 ἀλλάντων
957 4759 1040 4839 τόμοι
1061 4757 1066 4840 Ι
1086 4757 1168 4838 παρὰ
1190 4765 1251 4832 τοῖς
1274 4764 1515 4837 ποταμοῖσιν

237 4861 446 4946 ἐξεκέχυντ’
480 4871 548 4942 (pro
573 4885 605 4924 π.
628 4885 650 4924 τ.
674 4868 818 4941 ποταμοῖς
842 4857 946 4936 σίζονά
973 4857 1112 4940 έαέχννά)
1137 4855 1197 4921 ἀντ’
1227 4857 1380 4940 ὀστράκων
1407 4863 1441 4923 et
1463 4875 1513 4922 ve.

239 4968 278 5028 12
297 4962 436 5048 έμχελάδῖ
461 4964 700 5049 έμεεκαλνμμένα
719 4981 777 5042 pro
797 4961 923 5044 ἐγχέλεια
947 4980 1030 5044 coya.
1044 4997 1084 5008 -
1097 4964 1155 5024 Vs.
1182 4963 1222 5024 18
1246 4979 1311 5025 non
1335 4964 1513 5025 admodum

238 5067 354 5133 haereo
386 5071 419 5132 in
442 5064 707 5147 κατανενιμμένος,
735 5082 793 5143 pro
817 5083 881 5142 quo
905 5067 954 5128 Β1.
978 5062 1231 5144 καταδειλενμένος
1256 5067 1314 5126 eut
1337 5064 1513 5144 καταβεβρε-
