3718 5788
840 489 905 550 205

207 679 261 738 llr.
286 677 361 752 200,
387 675 459 738 coll.
480 676 648 737 Menandri
669 677 707 737 11.
722 677 808 753 94,5
829 680 863 738 at
883 679 957 752 460,
972 680 1002 754 5,
1024 677 1099 737 lruic
1119 679 1234 752 poetae
1253 676 1368 736 tribuit
1380 675 1531 749 Blaydea.

209 779 262 839 Fr.
288 780 362 853 204,
391 781 418 838 1.
454 774 570 855 ἕιέρους
604 781 689 853 φιλεῖ
719 778 770 841 vel
807 775 913 858 ἑτέρων
944 776 995 862 ἐρᾷ
1026 795 1084 853 pro
1116 775 1233 853 ἑτέρους
1264 773 1319 861 ὁρᾷ
1351 779 1458 838 tentat
1483 777 1531 837 Bl.

255 881 404 956 Speciem
438 880 569 953 quidem
605 880 704 941 habet
738 880 900 956 posterior
934 882 1134 955 coniectura,
1175 881 1232 940 sed
1266 879 1352 940 haud
1388 879 1456 939 scio
1491 893 1532 938 an

256 983 482 1057 spectandi
517 985 551 1042 et
585 982 888 1043 considerandi
922 998 1022 1044 sensu
1058 983 1136 1043 ferri
1166 981 1272 1056 possit
1304 981 1447 1055 vulgata.
1485 978 1531 1040 Or.

256 1085 341 1144 iufra
364 1084 402 1144 ir.
427 1083 492 1144 378
516 1086 550 1144 st
573 1084 643 1148 sius
665 1084 810 1144 notionis
833 1084 986 1158 exempla
1008 1084 1041 1143 iu
1064 1083 1224 1144 Thesauri
1248 1082 1312 1142 vol.
1337 1081 1364 1138 V
1388 1097 1418 1155 p.
1444 1082 1531 1140 2138

256 1203 282 1244 s.
307 1203 337 1246 v.
363 1182 444 1260 ὁρᾶν.
469 1185 630 1246 Headlam
654 1201 705 1259 ap.
729 1185 778 1245 Bl.
804 1185 899 1245 Add.
924 1200 953 1259 p.
979 1187 1043 1245 343
1069 1183 1131 1260 ὅρα.
1156 1184 1285 1244 Dubito.

212 1287 264 1346 Fr.
289 1288 364 1347 210.
389 1285 435 1346 Cf.
461 1286 602 1347 Herond.
627 1285 656 1343 V
682 1287 731 1346 15.

212 1389 264 1448 Fr.
289 1389 363 1449 218.
389 1388 436 1448 Bi.
534 1392 595 1458 τοῖς
618 1385 775 1465 εὐτυχοῦσι
797 1384 847 1446 καὶ
870 1386 998 1464 τρίμηνο
1026 1385 1216 1467 <γίγνεται>

532 1487 621 1546 παιδί
641 1533 647 1546 .

256 1589 318 1650 Sed
342 1590 457 1650 eodem
480 1590 550 1650 iure
574 1590 769 1652 conieceris:

922 1687 991 1762 <c‘og
1036 1689 1195 1770 γίγνεται)

575 1796 636 1862 τοῖς
660 1789 817 1871 εὐτυχοῦσι
839 1789 891 1850 καὶ
912 1790 1040 1869 ιρίμηνο
1063 1791 1169 1850 cardiu

256 1898 314 1953 aut
347 1892 426 1967 alia,
462 1893 572 1967 qualia
602 1894 769 1969 suggessit
799 1894 899 1954 Kock.
932 1894 975 1953 Ut
1006 1893 1087 1954 nillil
1119 1895 1169 1953 est
1199 1892 1342 1968 facilius,
1374 1893 1422 1952 ita
1451 1893 1531 1952 nihil

255 1995 423 2056 incertius.
448 1995 580 2055 Manum
604 1996 768 2056 abstinere
792 2001 951 2072 praestat.
1401 2069 1403 2072 ¹

212 2097 261 2157 Fr.
288 2099 362 2157 214.
398 2096 474 2156 Siue
508 2112 609 2158 causa
638 2094 842 2157 ἀιιοδιιικιέον
872 2099 920 2159 Bl.
957 2098 1084 2159 Passim
1117 2096 1245 2158 variant
1275 2095 1532 2171 praepositiones

257 2197 316 2257 ἀιιό
340 2203 373 2260 et
396 2195 428 2258 ἕιι
450 2199 484 2258 in
508 2199 702 2273 compositis

213 2301 262 2361 Nr.
288 2302 361 2361 217.
395 2300 507 2361 Nauck
539 2299 651 2360 laudat
682 2300 841 2364 Cobetum
872 2304 905 2363 iu
937 2304 1056 2364 linem.
1089 2317 1164 2362 nov.
1189 2300 1232 2359 VI
1256 2316 1285 2375 p.
1313 2301 1363 2375 13,
1394 2315 1532 2360 monens

257 2403 371 2463 Galeni
393 2402 502 2463 locum
525 2418 599 2464 esse
623 2403 668 2462 IV
691 2419 721 2478 p.
747 2405 811 2464 402
825 2405 864 2465 K.

215 2505 265 2564 l'r.
291 2506 365 2564 222.
509 2503 741 2582 οἰκειότητα
770 2500 856 2564 <δ’>
886 2485 1039 2582 ε’μβλέτιων
1063 2502 1243 2564 ὠλίσθανον.

258 2607 390 2668 Inutilis
412 2609 487 2681 post
509 2607 671 2667 Kockium
695 2608 817 2682 profert
840 2608 888 2668 Bl.
911 2608 995 2683 Aac,
1021 2611 1056 2668 ut
1076 2623 1187 2682 saepe,
1209 2622 1279 2667 rem
1298 2604 1408 2679 tetigit
1428 2603 1530 2664 Head-

257 2709 341 2785 lam5
370 2711 425 2783 qui
457 2709 726 2768 OlllGIOTHTA
750 2711 855 2772 celare
880 2709 1194 2782 GlOAGlOTHTA‚
1213 2709 1253 2781 εἰς
1273 2707 1420 2785 λειότητα,
1438 2708 1531 2769 iutel-

259 2812 353 2886 lexit,
386 2812 558 2872 conserens
588 2811 666 2871 Hor.
700 2810 807 2872 Carm.
834 2813 848 2871 I
875 2813 925 2886 19,
951 2814 988 2885 8;
1021 2813 1186 2888 Aristoph.
1218 2813 1256 2872 11.
1289 2812 1371 2885 218;
1396 2811 1532 2870 Batonis

259 2915 288 2988 7,
314 2914 333 2975 8
357 2919 398 2988 (p.
424 2913 517 2986 323);
543 2912 648 2973 Schol.
674 2913 754 2974 Ran.
779 2915 839 2987 48;
872 2914 1006 2974 Theocr.
1034 2914 1138 2987 V90;
1158 2913 1241 2973 Plat.
1260 2913 1354 2987 Gorg.
1368 2928 1398 2986 p.
1413 2912 1529 2986 465Β,

257 3017 332 3089 Lys.
357 3033 386 3091 p.
413 3016 488 3088 216,
513 3012 561 3086 Ο.;
588 3014 672 3074 Plut.
697 3014 775 3075 Mor.
801 3016 915 3076 8786.

213 3117 263 3177 llr.
288 3117 362 3178 225.
386 3123 471 3195 γαμῶ
494 3112 588 3192 γέρων
611 3111 654 3173 ὢν
677 3119 746 3191 (pro
769 3106 828 3189 εὖ),
851 3108 935 3191 οἶδα,
958 3112 1008 3175 καὶ
1031 3120 1091 3188 τοῖς
1115 3115 1242 3195 γείτοσιν
1266 3116 1389 3190 optime
1414 3113 1530 3188 Cobet,

256 3218 414 3292 probante
436 3216 591 3276 Nauckio.

213 3319 262 3380 Fr.
288 3321 361 3381 226.
386 3319 434 3380 Bl.
459 3319 514 3380 cst.
538 3316 684 3390 ἀπόξενος
707 3322 740 3380 et
764 3316 943 3396 ἀπόμισθος.
1044 3319 1047 3326 ’

213 3421 261 3480 Nr.
287 3421 361 3481 227.
387 3420 457 3480 Vid.
483 3420 610 3494 Nauck,
635 3420 708 3481 Mel.
736 3421 778 3480 Vl
801 3438 831 3496 p.
860 3423 932 3482 159.

216 3521 264 3582 l'r.
291 3523 364 3583 233.
400 3522 589 3582 Lectionem
623 3525 765 3583 monost.
801 3524 862 3583 156
894 3523 982 3582 παύει
1015 3523 1168 3596 vulgatae
1198 3522 1262 3581 ider
1291 3522 1361 3580 iure
1392 3520 1533 3594 praefert

258 3623 306 3684 Bi.
338 3626 371 3683 et
400 3621 542 3683 Cratetis
572 3623 770 3698 scripturam
798 3622 824 3681 εἰ
846 3629 914 3700 (pro
938 3622 997 3693 liv).
1022 3625 1051 3684 Α
1074 3623 1241 3684 comoedia
1264 3622 1530 3695 abiudicandum,

259 3723 349 3784 nulla
370 3725 460 3784 enim
483 3724 763 3786 Monostichorum
788 3726 976 3786 auctoritas.

217 3825 265 3885 llr.
291 3826 364 3885 243.
396 3825 524 3885 Aeliani
555 3826 645 3887 codd.
675 3826 795 3886 habere
819 3824 894 3904 ἔχειν
925 3825 975 3886 cdv
1003 3823 1166 3906 ἐγκέφαλοι
1190 3826 1353 3886 monitum
1377 3824 1531 3898 oportuit.

259 3925 305 3987 Cf.
330 3941 417 3987 nuuc
439 3925 568 4001 Nauck,
594 3927 666 3988 Mel.
691 3928 734 3988 Vl
757 3944 788 4003 p.
817 3930 888 3990 127.
913 3962 951 3972 -
972 3930 1057 4004 Apte
1077 3929 1124 3989 Bl.
1146 3929 1201 3988 cit.
1222 3927 1387 4002 Eupolidis
1407 3926 1445 3986 11.
1470 3927 1532 3985 100

257 4032 292 4089 ct
313 4028 405 4089 Dem.
430 4029 491 4088 Vll
514 4030 567 4089 45.

216 4130 265 4191 Fr.
290 4131 364 4190 243.
388 4138 481 4211 καιρῷ
505 4145 580 4190 cum
604 4130 785 4191 Haadlamo
808 4131 974 4206 glossema
993 4147 1066 4192 esse
1084 4135 1179 4207 put0;
1204 4146 1281 4190 uam
1303 4131 1358 4189 vix
1379 4145 1531 4204 graecum

259 4234 309 4290 est
333 4228 365 4288 ἒν
388 4229 425 4290 οὐ
450 4229 546 4289 δέοντι
566 4241 667 4313 καιρῷ.

216 4331 265 4391 Fr.
290 4333 364 4392 259.
388 4333 474 4407 Lege
498 4329 605 4410 τέθηκε
627 4349 687 4409 pro
709 4331 831 4394 τέθεικε.

217 4432 264 4493 l'r.
290 4434 364 4492 271.
389 4434 489 4494 Recte
513 4431 695 4513 καταφαγὼν
719 4451 736 4496 e
759 4436 898 4497 Macario
923 4438 1066 4511 praefert
1089 4437 1136 4497 Bl.

216 4533 264 4593 Fr.
289 4535 352 4593 273
377 4535 525 4610 Gregorii
548 4536 747 4596 Nazianzeni
773 4537 833 4597 vol.
860 4537 890 4596 ll
913 4553 944 4611 p.
971 4538 1071 4598 1361)
1096 4541 1161 4613 est,
1189 4539 1353 4599 indicante
1377 4536 1531 4597 Nauckio.

216 4635 264 4695 l'r.
290 4637 363 4696 276.
388 4636 444 4696 Bis
467 4627 543 4714 ἦμεν
566 4653 623 4712 pro
647 4635 727 4714 ἥμην
751 4639 862 4712 procul
887 4639 982 4699 dubio
1006 4643 1094 4701 recte
1118 4641 1233 4700 Naber.
1258 4639 1425 4699 Pessimae
1444 4653 1531 4711 grae·

257 4738 368 4798 citatis
398 4740 451 4798 est
480 4739 603 4799 tradita
632 4739 744 4815 lectio,
776 4755 858 4813 quae
888 4742 996 4815 ipsum
1026 4742 1208 4802 Nauckium
1240 4742 1356 4801 fefellit
1386 4741 1417 4798 in
1451 4744 1531 4812 trag.

256 4839 295 4900 ir.
320 4839 429 4916 adesp.
456 4841 532 4916 124,
565 4841 620 4901 ubi
650 4838 743 4915 σοφαὶ
773 4842 837 4910 (vel
868 4843 978 4917 potius
1001 4841 1101 4918 copel)
1130 4839 1184 4918 μὲν
1207 4834 1281 4920 ἦμεν
1306 4841 1531 4914 corrigendum

258 4957 333 5002 esse
356 4941 435 5003 olim
458 4943 582 5002 monui.

214 5042 263 5102 Fr.
287 5045 361 5104 281.
387 5043 532 5104 Crameri
556 5044 676 5103 Anecd.
702 5045 733 5102 ll
757 5061 788 5119 p.
814 5046 889 5119 468,
916 5045 933 5103 7
961 5046 1042 5105 citat
1066 5046 1187 5106 Nauck.
