3778 5796
865 501 905 563 19

218 683 273 744 Fr.
299 683 374 743 240.
399 677 603 760 τραπέμπαλιν
623 679 628 761 Ι
649 676 690 743 ἔνι’
717 680 877 761 ἀριστορωί)
901 683 990 744 recte
1013 683 1078 759 Bt,
1103 685 1140 744 ut
1162 683 1282 745 dicitur
1305 681 1353 744 ἒιιλ
1376 684 1466 756 δεξιοί.
1512 717 1513 720 ¹

220 785 274 846 Fr.
307 785 382 845 250.
414 785 531 845 Suidas
560 800 587 845 s.
614 799 644 844 v.
676 792 855 864 οιοαιηγιᾶν
889 787 1059 852 auctorem
1095 785 1176 845 citat
1209 785 1399 862 Iosephum,
1433 787 1546 862 itaque

265 887 354 947 male
377 886 565 948 Pherecrati
588 887 704 948 tribuit
727 886 833 962 Kock,
858 888 895 946 ut
918 888 1031 947 monet
1055 886 1091 948 0.
1116 885 1260 948 Orosius.

220 1087 415 1156 'feleclidis
442 1093 475 1168 1,
500 1093 530 1152 3.
562 1091 683 1167 Aptius
713 1105 813 1165 quam
844 1086 955 1161 νόσους
978 1105 1052 1150 esse
1075 1087 1219 1161 πόνους
1243 1093 1375 1167 propter
1399 1093 1549 1168 opposita

269 1188 329 1253 ἀλλ’
353 1192 505 1271 αὐτόματα
531 1189 588 1252 κτλ.
612 1193 754 1254 antehac
776 1192 908 1266 monui;
941 1188 1007 1263 ὅλος
1034 1195 1122 1253 reete
1145 1193 1386 1267 interpretante
1409 1195 1547 1270 Kookio,

270 1296 430 1358 violenter
453 1295 632 1356 admodum
657 1294 705 1355 Bl.
731 1288 821 1353 οὐδὲν
842 1287 876 1352 δι’
899 1289 1036 1371 ἀνάγκην
1055 1294 1205 1355 coniecit.
1228 1329 1267 1338 -
1288 1295 1345 1354 Vs.
1370 1298 1400 1357 6.
1429 1295 1551 1378 ,ἰχθύες

268 1396 377 1458 forma
399 1397 524 1473 soluta,
555 1398 594 1455 ut
624 1395 658 1455 in
689 1394 911 1470 anapaestis''.
944 1394 993 1454 Bl.
1017 1394 1089 1455 Imo
1113 1409 1207 1470 vero,
1235 1399 1273 1456 ut
1300 1397 1409 1458 solent
1436 1398 1552 1459 comici

270 1499 486 1574 antiquiores,
518 1500 555 1558 ut
579 1495 663 1576 βόες,
689 1498 752 1558 etc.
777 1495 824 1558 Of.
849 1495 1002 1571 Archipp.
1026 1496 1059 1555 II
1083 1497 1158 1563 723.
1186 1497 1225 1558 14
1253 1498 1348 1561 Mein.
1374 1533 1414 1543 —
1439 1499 1496 1560 Vs.
1520 1501 1550 1561 9.

268 1600 397 1678 τούτων,
416 1601 501 1676 quod
520 1599 646 1668 Koekio
666 1602 718 1660 est
736 1615 810 1674 gen.
830 1601 929 1675 part,
953 1599 1047 1659 valde
1066 1603 1259 1674 suspectum
1279 1601 1553 1676 οεοςΒ1.οιιὶνιων

269 1703 406 1778 requirit
429 1706 487 1764 aut
509 1700 641 1778 λάπτειν,
663 1702 748 1776 quod
772 1701 1001 1778 praetulerim,
1027 1703 1085 1761 aut
1107 1709 1208 1760 πᾶσιν.
1223 1736 1261 1745 -
1276 1703 1332 1784 Vs.
1357 1705 1395 1763 11
1419 1701 1457 1764 dv
1477 1701 1553 1783 λινῆν

270 1821 328 1883 pro
351 1814 452 1885 παρῆν
474 1806 585 1870 nescio
609 1820 651 1865 an
673 1820 752 1865 vere
777 1805 953 1866 coniecerit
976 1803 1147 1878 stayros.

227 1907 281 1968 Fr.
309 1908 359 1970 10.
898 1905 934 1964 σοί
958 1901 991 1964 δὲ
1013 1904 1130 1984 τήγανα

628 2009 746 2082 σίζοντα
770 2024 817 2068 σοι
842 2007 1010 2084 μολύνεται.
1229 2071 1232 2078 .

272 2111 428 2187 Proponit
465 2112 556 2173 Kock
588 2109 657 2171 τάν
695 2108 885 2190 τηγάνοις
916 2109 1034 2183 σίζοντα
1071 2127 1118 2171 σοι
1160 2109 1388 2188 μελαίνεται
1424 2112 1552 2198 (τηγάνῳ

273 2213 379 2274 Bentl.
403 2217 437 2274 et
460 2214 531 2284 BL).
556 2215 589 2274 Si
611 2216 700 2276 recte
724 2213 862 2275 coniecit
885 2209 940 2272 ιάν
963 2211 1117 2293 τηγάνοις,
1140 2229 1215 2274 eum
1239 2213 1400 2276 Lobeckio
1422 2217 1457 2276 at
1480 2215 1552 2276 llei-

271 2315 367 2377 nelrie
390 2315 499 2376 lenius
522 2317 748 2392 rescripserim
772 2315 983 2392 μωλύειαι,
1005 2316 1057 2377 sin
1082 2317 1208 2392 minus,
1237 2330 1312 2376 cum
1337 2316 1385 2376 Bl.

318 2414 353 2477 τὰ
377 2413 410 2476 δὲ
433 2416 558 2495 τηγάνια
582 2411 693 2497 (τήγαί
719 2407 770 2488 αὗ)
793 2417 912 2488 σίζοντα
937 2433 985 2477 σοι
1008 2416 1189 2493 μελαίνεται,
1213 2432 1259 2478 sc,
1284 2427 1322 2501 τῷ
1341 2415 1470 2502 ἀσβόλῳ,

274 2519 369 2594 quale
399 2519 476 2593 quid
506 2518 623 2580 Kockii
654 2519 842 2580 coniectura
871 2519 977 2579 multo
1008 2517 1208 2593 probabilius
1238 2520 1303 2594 est,
1334 2520 1411 2593 quia
1440 2517 1555 2598 τήγανα

274 2621 391 2691 σίζοντα
425 2621 549 2697 optime
584 2621 708 2682 dictum
744 2635 818 2681 esse
852 2620 971 2681 docent
1004 2621 1167 2695 Magnetis
1195 2620 1233 2681 ir.
1262 2620 1293 2680 li
1319 2622 1373 2696 10,
1407 2621 1555 2684 Alexidis

274 2722 314 2782 fr.
342 2722 416 2797 182,
441 2723 472 2798 6,
497 2720 601 2782 clem.
625 2721 676 2782 Al.
701 2721 798 2785 Pasd.
823 2721 855 2780 Η
881 2723 909 2781 1.

232 2825 284 2885 Fr.
308 2824 358 2900 14,
382 2825 411 2884 2.
433 2822 612 2884 infeliciter
628 2823 743 2883 Nauck
763 2817 943 2882 ὁθούνεκ’
966 2818 1154 2896 iouv,quod
1168 2823 1219 2882 est
1230 2823 1376 2898 tragicae
1389 2826 1552 2889 dictionis.

274 2925 382 2986 'Feneo
416 2924 501 2999 quod
534 2924 702 3000 proposui,
732 2938 793 2984 nec
823 2935 978 2984 curcum
1011 2922 1134 2984 Koclrio
1165 2920 1239 3000 ἔχων
1270 2928 1418 2987 mutetur
1441 2928 1473 2987 in
1498 2925 1553 3006 ἔχει

274 3025 369 3086 video
399 3040 545 3086 causam.
577 3025 641 3101 Bl.,
674 3025 730 3100 qui
760 3024 904 3100 praeiert
925 3039 1038 3086 meum
1063 3022 1120 3098 ὅτι,
1144 3025 1289 3099 optimae
1312 3026 1425 3088 (lebeti
1449 3030 1552 3090 conis·

274 3131 388 3190 cturse
417 3127 611 3205 βᾱελύιιομνι
641 3125 764 3187 iniuria
795 3125 965 3201 obmovet,
997 3127 1045 3187 ita
1071 3125 1195 3185 τάλαινα
1219 3129 1291 3187 sine
1314 3130 1453 3191 articulo
1476 3133 1552 3193 scri·

274 3231 367 3304 ptum
387 3231 545 3304 oportere.
571 3227 691 3289 Utrum
720 3225 898 3304 <αλσχολς>
926 3224 1019 3304 ἐστιν,
1041 3230 1079 3289 ut
1103 3243 1162 3303 ego
1185 3228 1384 3308 scribebam,
1409 3249 1451 3293 an
1475 3230 1554 3293 ἐστιν

279 3329 470 3408 αἰσχρὸς),
492 3330 577 3405 quod
600 3329 691 3390 Kock
715 3330 1010 3406 coniecit,‚verum
1034 3330 1092 3404 sit,
1118 3331 1228 3390 dirimi
1251 3333 1375 3407 nequit.

229 3433 280 3492 Fr.
308 3433 359 3493 16.
391 3432 549 3507 Opposuit
578 3430 695 3491 Kockii
718 3432 816 3492 notae
840 3431 953 3500 Nauck
977 3431 1046 3492 cla
1070 3431 1101 3490 Π
1125 3432 1189 3493 977
1214 3447 1243 3492 a.
1269 3435 1304 3509 4,
1330 3433 1385 3493 ubi
1408 3434 1554 3508 tragicus

276 3535 417 3595 occurrit
440 3553 604 3608 ...ιιιισος,
626 3534 646 3594 i.
672 3548 698 3594 θ.
726 3531 926 3604 [ΝόθῙιτιιιος.
992 3610 995 3615 ¹

229 3635 282 3695 Fr.
306 3635 358 3694 20.
383 3634 498 3695 Koclrii
521 3633 636 3694 notula
662 3633 838 3707 Blaydesio
862 3635 1030 3709 suggessit
1047 3634 1299 3709 improbabilem
1320 3636 1553 3713 coniecturam,

274 3737 528 3810 grammaticum
552 3735 690 3795 Belrlreri
714 3733 868 3812 διαλαβεῖν
892 3735 1064 3809 scripsisse
1087 3750 1145 3810 pro
1169 3734 1343 3814 decerperis,
1361 3738 1456 3811 quasi
1476 3753 1554 3798 vero

276 3835 372 3898 {acile
394 3839 465 3897 tam
501 3836 633 3896 diversa
667 3835 926 3895 contundanturl

230 3939 282 4000 Fr.
308 3939 360 3998 23.
386 3939 521 3998 Frustra
551 3934 738 4014 ἀνθρώπων,
768 3936 968 4004 vocabulum
991 3938 1222 4014 sanissimum,
1246 3938 1294 3998 Bl.
1320 3943 1419 4000 vexat
1436 3941 1553 4016 impro-

277 4039 438 4102 babilibus
460 4039 657 4100 coniecturis
680 4035 846 4116 ἀναπηδῶν
869 4034 899 4097 θ’
926 4038 979 4099 vel
1004 4035 1091 4118 ἐγγὺς
1114 4033 1191 4098 ὄνθ’.

231 4143 284 4202 Fr.
309 4143 361 4202 35.
393 4141 477 4202 Male
506 4139 554 4202 Bl.
586 4140 628 4212 τίς
651 4138 719 4216 ἥτε
742 4137 858 4218 κραυγὴ
883 4136 920 4218 χή
944 4137 1046 4216 δόμων
1069 4140 1246 4218 περίστασις.
1278 4141 1409 4216 Optime
1433 4140 1482 4202 ide
1505 4145 1555 4205 sic

276 4243 421 4318 positum
445 4243 536 4302 caret
554 4242 702 4302 articulo.

231 4343 284 4404 Fr.
309 4343 362 4404 37.
386 4343 521 4403 incaute
544 4343 593 4403 Bl.
617 4357 674 4417 pro
698 4337 740 4400 ὢν
763 4342 913 4418 postulat
935 4334 968 4401 εἶ.
992 4343 1164 4404 Sententia
1187 4346 1238 4404 est
1262 4344 1466 4420 imperiecta.

230 4445 284 4505 Fr.
306 4444 358 4520 38,
383 4444 413 4505 2.
454 4444 560 4506 Locus
594 4443 739 4506 nondum
774 4445 927 4520 sanatus,
964 4445 1101 4504 minime
1136 4444 1258 4505 saltem
1298 4445 1447 4507 eiusdem
1482 4461 1554 4507 con·

276 4547 402 4606 iectura
424 4535 516 4615 αὖθις
539 4559 597 4621 pro
621 4543 734 4620 μάζαις.

230 4645 283 4706 Fr.
308 4646 360 4706 39.
383 4642 539 4707 Dindorfll
570 4646 777 4708 coniecturae
801 4660 866 4706 non
890 4646 1142 4722 praeferendum
1165 4648 1251 4722 quod
1274 4649 1427 4724 proponit
1449 4649 1499 4710 Bl.
1523 4650 1556 4709 in

278 4745 498 4807 Addcndis
520 4762 551 4822 p.
577 4747 652 4808 288.
850 4759 851 4766 ’

231 4849 285 4909 Fr.
310 4850 362 4924 41,
387 4849 418 4909 4.
454 4843 534 4906 ἕκατι
568 4863 626 4923 pro
660 4843 746 4906 ἕνεκα
776 4848 842 4924 hic,
875 4852 913 4909 ut
943 4851 998 4910 Ar.
1033 4849 1108 4913 Pac.
1140 4851 1204 4916 699
1235 4853 1270 4911 et
1299 4851 1376 4925 Lys.
1406 4851 1481 4927 306,
1514 4866 1556 4912 ex

277 4949 425 5025 parodia,
450 4951 488 5010 ut
513 4963 563 5010 vs.
588 4951 608 5012 2
632 4945 690 5024 ἔφυ
713 4965 772 5025 pre
795 4945 917 5028 ἐγένετο.

231 5049 284 5112 Fr.
308 5051 406 5126 421.
431 5047 483 5121 τὰς
506 5043 534 5108 δ’
560 5045 702 5112 ἀναλύειν
725 5053 815 5112 recte
838 5051 888 5114 Bl.
905 5085 942 5096 -
956 5052 1013 5116 Vs.
1039 5053 1069 5114 2.
1093 5051 1191 5112 πάντα
1210 5069 1268 5131 pro
1288 5050 1364 5114 αὐτὰ
1386 5053 1556 5118 Richards.
