3718 5788
839 483 899 541 187

244 689 356 744 κομεν,
375 685 475 744 quam
497 669 687 731 coniectura
710 669 740 730 ei
763 669 937 729 obtrudere
960 668 1066 729 voluit
1088 662 1191 729 Koclr.
1215 668 1297 728 Nam
1319 665 1529 744 ὡδοποιημένη

245 773 335 838 (cum
373 785 426 830 vv.
451 769 484 831 ll.
510 766 733 846 ὁδοποιοομὲνη
770 771 803 829 et
839 765 1094 846 ὁδοπονησαμὲνη)
1129 769 1212 828 ch.
1248 769 1353 829 Anub.
1387 769 1416 826 V
1446 771 1475 844 3,
1511 773 1526 829 i

246 870 361 944 procul
383 871 481 932 dubio
504 872 594 933 recte
618 871 651 931 in
674 867 887 948 ὡδοποιημένη
908 871 1288 932 mutavitDindorfcoll.
1302 871 1387 932 Hell.
1402 871 1428 928 V
1443 872 1529 947 4,39,

247 986 309 1032 nec
342 973 542 1034 scholiastae
577 972 673 1048 vesp.
699 973 763 1033 836
799 967 1119 1049 ὀνοματοκεποιησθοι
1150 974 1245 1046 (quod
1277 973 1360 1033 citat
1382 973 1442 1043 Bi.)
1469 972 1530 1032 hac

248 1073 282 1132 in
307 1089 342 1133 re
365 1074 548 1135 testimonii
571 1075 670 1135 dictio
693 1077 753 1134 esi.
779 1074 880 1134 Recte
903 1075 1006 1134 etiam
1029 1073 1149 1134 Herod.
1174 1073 1250 1134 VIII
1277 1075 1349 1149 129,
1375 1075 1394 1134 2
1419 1073 1530 1134 διοδοτ·

247 1175 430 1250 πορηκεσον,
463 1177 535 1236 sive
567 1175 650 1236 died.
683 1176 813 1236 mavult
845 1174 893 1236 Bl.
930 1175 1036 1250 Quare
1067 1175 1211 1235 nondum
1244 1175 1348 1235 abicio
1383 1177 1529 1236 veterem

250 1291 359 1337 meam
391 1277 613 1338 coniecturam
647 1272 978 1353 ὁδοιπορήσομεν.
1010 1277 1044 1336 Si
1075 1277 1286 1338 accusativus
1316 1276 1414 1353 ῥύμην
1439 1292 1529 1336 usur·

249 1383 348 1452 patus
367 1379 406 1438 ad
431 1378 618 1453 analogiam
643 1393 712 1438 voc.
738 1373 810 1436 ὁδόν
835 1377 911 1438 ferri
936 1379 1062 1451 nequit,
1090 1379 1193 1438 coniri
1217 1381 1340 1453 potest:

483 1475 781 1556 subdescendendo
805 1477 905 1556 ῥύμην
930 1475 1255 1558 ὀάοτπορήσομεν

249 1582 320 1640 sive
350 1576 450 1654 ὀρθῶς
481 1581 534 1640 hin
565 1583 681 1642 recte
712 1579 890 1658 significat,
924 1581 996 1641 sive
1027 1585 1158 1658 recta,
1184 1584 1220 1641 ut
1244 1581 1326 1643 Rau.
1351 1582 1450 1643 habet
1473 1585 1528 1642 Ar.

252 1681 326 1742 Pac.
355 1684 427 1742 160.

204 1783 256 1842 Fr.
285 1785 334 1858 15,
360 1785 389 1844 2.
422 1783 493 1845 Non
529 1783 666 1856 debebat
698 1783 747 1843 Bl.
778 1799 836 1858 pro
867 1786 1021 1859 corrupta
1052 1785 1191 1845 lectione
1222 1782 1363 1844 ἐσθίοντα
1393 1785 1530 1861 probare

250 1883 455 1946 Thomanam
491 1883 712 1961 εὐσθενοοννο,
746 1887 823 1959 quia
856 1886 905 1946 sin
939 1886 1161 1959 antiquiorum
1203 1888 1372 1947 neminem
1406 1888 1531 1947 dixisse

248 1986 332 2046 satis
355 1991 506 2048 constare
531 1987 672 2063 videtur,
703 2003 780 2047 nam
813 1987 867 2047 ubi
890 1987 970 2048 olim
994 1987 1164 2062 legebatur
1187 1987 1261 2049 Eur.
1287 1987 1373 2062 cycl.
1400 1991 1419 2048 2
1443 1991 1531 2050 recte

252 2087 284 2147 L.
309 2087 446 2149 Diodori
472 2089 621 2148 restItuit
652 2085 792 2164 ηὐθένεο,
816 2091 849 2149 et
873 2089 934 2150 hoc
957 2089 1029 2163 ipso
1053 2089 1123 2150 loco
1147 2089 1291 2150 Bernard
1314 2092 1421 2151 suasit
1444 2089 1531 2151 εὐθε-

250 2197 369 2254 νοῦντα.
400 2189 546 2251 Nauckio
577 2189 728 2264 placebat
759 2190 915 2250 audacior
946 2188 1059 2250 Cobeti
1083 2191 1270 2250 coniectura
1294 2181 1326 2250 εὖ
1352 2191 1531 2264 πράττοντα,

249 2290 364 2350 melior
382 2305 476 2366 sane,
498 2291 527 2351 si
547 2307 596 2352 vs.
620 2293 636 2350 I
657 2299 755 2363 κακῶς
776 2290 951 2375 διακειμένῳ
971 2289 1134 2365 significat
1154 2291 1334 2352 infelici.
1357 2294 1399 2353 At
1415 2295 1529 2353 eodem

250 2392 319 2451 iure
342 2407 380 2452 ea
404 2394 504 2454 verba
527 2393 669 2469 accipias
692 2393 732 2453 de
755 2395 962 2468 aegrotante,
985 2392 1097 2466 itaque
1122 2407 1200 2453 vera
1225 2392 1354 2453 videtur
1375 2393 1532 2454 Bernardi

250 2493 436 2554 emendatio
452 2495 590 2555 lenitate
602 2510 662 2555 sua
675 2494 978 2555 commendabilior.
1000 2493 1046 2555 Gi.
1060 2493 1184 2555 Cratini
1196 2491 1233 2555 Ir.
1248 2495 1322 2570 327,
1337 2495 1391 2554 ubi
1404 2495 1544 2562 Loteck,
1608 2501 1611 2506 ’

250 2597 377 2655 mutato
397 2598 535 2656 accentu
552 2593 670 2655 εὐθέοει
691 2597 779 2657 dedit
797 2612 855 2671 pro
867 2595 999 2672 εὐθενεῖ,
1017 2596 1075 2656 sed
1093 2595 1320 2671 corrigendum
1334 2593 1530 2674 estpdte'vn.

208 2693 258 2754 Fr.
288 2695 337 2755 17.
987 2695 1059 2756 ὅταν
1083 2694 1175 2780 ἕξίης,

471 2795 666 2878 παραγώγιον
694 2788 795 2862 <ὧν>
823 2794 861 2856 liv
885 2794 995 2881 ίκφίρη
1019 2791 1046 2856 σ’
1072 2797 1274 2876 είσπράξοματ.

250 2894 398 2957 Correxit
428 2896 537 2959 Cobet.
562 2899 610 2960 Bl.
636 2914 700 2960 non
726 2901 835 2960 terens
862 2900 998 2975 „duram
1022 2901 1190 2973 anapaesti
1216 2900 1442 2976 incisionem”‚
1466 2915 1529 2974 quc

250 3000 344 3072 pacto
379 2988 422 3057 ὧν
456 3000 573 3061 obesse
604 3001 710 3076 possit
738 3000 858 3061 vellem
889 2999 1118 3075 significasset.
1150 3001 1191 3061 Et
1221 3001 1356 3062 omnino
1384 3002 1530 3062 duriores

250 3099 325 3159 illae
355 3099 534 3162 incisiones
564 3102 645 3162 adeo
677 3102 810 3164 crebrae
839 3105 930 3178 sunt,
963 3105 999 3162 ut
1022 3102 1146 3162 criticis
1169 3103 1278 3178 magis
1300 3118 1400 3176 quam
1425 3104 1531 3177 poetis

249 3199 457 3276 displicuisse
482 3203 666 3264 videantur.

209 3301 257 3362 l'r.
285 3302 334 3378 18,
360 3305 390 3362 4.
415 3295 447 3360 θ’
472 3319 528 3379 pro
554 3299 580 3363 δ’
607 3305 680 3365 sine
704 3320 804 3366 causa
828 3305 925 3365 idem.

209 3403 257 3463 l'r.
285 3406 334 3465 19.
359 3405 574 3466 Probabiliter
596 3406 656 3482 Bl.,
682 3406 827 3467 admisso
851 3406 1082 3482 supplemento
1107 3421 1181 3467 meo
1205 3421 1253 3466 va.
1279 3407 1308 3482 2,
1333 3407 1462 3467 scribit:

450 3511 511 3579 τοῖς
535 3507 712 3584 σνκαμίνοις
736 3503 763 3566 δ’
791 3505 857 3568 ἀντὶ
880 3515 933 3568 τοῦ
958 3508 1076 3583 φύκους
1106 3503 1261 3589 <,ὁρᾷς;·>

450 3606 519 3666 ὅλον
542 3606 574 3669 τὸ
599 3608 761 3688 πρόσωπόν
790 3607 879 3672 <iore
904 3606 1213 3686 καταπεπλασμένη).

209 3707 258 3768 Fr.
283 3709 335 3769 20.
515 3714 712 3786 πλακοῦντες,
735 3705 971 3792 ἐπιδορπίσματ’,
995 3708 1053 3792 ᾠά,
1077 3710 1206 3786 σήσαμα·

518 3810 590 3889 ὅλην
613 3808 721 3891 λέγοντ’
749 3809 787 3872 άν
811 3807 838 3890 μ’
864 3810 1010 3873 ἐπιλείποι
1034 3806 1059 3889 μ’
1087 3808 1210 3890 ἡμέραν.

252 3912 314 3973 Vix
338 3911 462 3976 sufficii
485 3915 601 3976 Kockii
625 3917 794 3976 correctio.
819 3916 971 3976 Nondum
995 3929 1049 3974 me
1073 3915 1220 3989 poenitet
1243 3913 1469 3989 proposnIsse:

519 4015 572 4094 ὅλη
596 4011 704 4097 λέγοντ’
728 4013 765 4074 ἂν
789 4011 872 4075 πάντ’
899 3995 1044 4075 ἐπιλείποι
1068 4009 1094 4090 μ’
1121 4010 1243 4092 ἡμέραν.

253 4115 398 4177 Omnia
421 4111 562 4178 dice're
588 4121 805 4182 volentem
831 4120 949 4179 totus
974 4133 1033 4178 ms
1058 4117 1238 4177 deficiat
1262 4116 1362 4177 dies.

210 4215 258 4277 Fr.
284 4219 335 4294 22,
362 4219 391 4279 2.
460 4218 573 4296 πόστην
596 4218 779 4297 ὖφοιλάσεις,
801 4220 977 4299 παιδάριον,
1003 4217 1118 4300 ρύμην;
1143 4221 1175 4276 Β.
1199 4217 1310 4296 τρίτην,

463 4317 558 4400 ὁγὰρ
581 4319 730 4393 στένωπος
752 4314 839 4392 οὗτος
864 4319 902 4381 ἕν
928 4320 1141 4397 Ἀθήνησιν
1165 4311 1219 4398 ἦν.

250 4421 282 4482 Si
314 4424 408 4482 vs.2
444 4439 560 4484 revera
597 4427 649 4484 est
680 4425 872 4500 Philepidis
910 4427 1049 4498 (praeter
1088 4423 1287 4484 Meinelrium
1319 4422 1381 4482 vid.
1418 4423 1530 4484 Nauck

250 4523 321 4584 liei.
349 4523 392 4582 VI
420 4525 501 4602 133),
527 4527 631 4587 conici
655 4527 794 4601 poterit:

465 4622 481 4685 ὁ
505 4626 560 4706 γάρ
585 4625 735 4700 στίνωπος
760 4619 848 4698 οὗτος
871 4622 914 4685 ὃν
938 4623 1137 4701 ἐσήμηνεν
1161 4617 1210 4703 ἦν.

250 4728 320 4788 scil.
346 4729 477 4806 aliquis,
503 4731 542 4790 de
565 4746 628 4805 quo
650 4746 761 4791 sermo
785 4730 846 4789 soil
870 4729 903 4788 in
928 4728 1140 4803 praegressis.
1167 4728 1282 4788 Koclrii
1306 4729 1530 4789 contecturam

251 4825 283 4887 ἐν
306 4826 468 4904 ληνόσονσιν
491 4821 529 4909 ἦν
552 4848 617 4893 non
642 4831 809 4908 intellego.

210 4928 259 4988 Ilr.
285 4931 337 4990 23.
525 4937 527 4944 “
794 4925 881 5005 οὖτος
905 4931 996 4992 οἴεται
1020 4934 1286 5011 περισπάσειν

451 5033 609 5114 κερμάτιον
633 5033 737 5095 αὐτοῦ.
