3778 5796
1003 491 1046 551 48

363 683 414 742 Fr.
440 682 514 742 620.
540 681 586 742 Oi.
610 683 690 741 noia
712 679 835 740 locutio
857 676 1020 750 κλα(ί)οντα
1043 677 1179 750 καθίζειν
1201 677 1276 738 τινά.

363 783 415 844 Fr.
440 783 515 844 621.
540 781 628 844 citat
650 780 763 842 Nauck
785 779 835 841 nt.
857 779 953 840 Voss.
977 795 1007 854 p.
1033 780 1114 855 267,
1135 779 1302 856 superflua
1321 794 1395 840 aeae
1413 794 1553 840 monens
1572 780 1705 841 Kockii

409 883 509 944 verba
541 886 594 959 ,et
623 881 734 943 Varin.
759 913 802 922 -
828 881 891 940 108
916 879 1035 941 Dind.”
1067 881 1159 940 Idem
1182 879 1295 941 σαυτὸν
1319 882 1408 951 (Lex.
1432 881 1527 942 Vind.
1551 880 1705 952 σεαυτὸν)

408 985 490 1060 legit
513 1000 570 1060 pro
593 981 697 1043 αὐτὸν.

364 1086 416 1146 Fr.
441 1087 516 1146 622.
540 1085 589 1146 Bl.
613 1083 691 1144 οὕτω
714 1105 742 1143 τι
766 1115 807 1127 -
830 1080 926 1160 γλυκύ
951 1081 1002 1142 vel
1027 1080 1105 1142 οὕτω
1124 1076 1186 1142 ’στί
1204 1117 1245 1129 -
1270 1080 1413 1163 ἐφίμερον
1435 1084 1701 1160 inconsiderate,

408 1187 533 1262 optimc
567 1186 656 1246 enim
687 1181 766 1244 ἔστιν
795 1180 859 1260 μέλι
891 1186 960 1258 (pro
992 1180 1051 1242 ἔστι
1081 1180 1161 1260 μέλει
1191 1185 1263 1246 sive
1297 1182 1338 1245 ἔτι
1365 1182 1470 1262 μέλλει)
1494 1185 1574 1246 olim
1597 1185 1633 1247 O.
1657 1186 1702 1246 F.

408 1287 578 1349 Hermann
607 1289 642 1347 et
672 1285 818 1347 Meineke
848 1284 1078 1346 emendarunt.
1110 1285 1157 1346 De
1186 1285 1265 1346 οῦιω
1294 1308 1322 1346 ιι
1351 1290 1442 1348 recta
1472 1288 1520 1348 Bl.
1549 1289 1704 1350 contulit

409 1388 577 1450 Menandri
607 1387 646 1447 ir.
681 1387 744 1447 287
777 1389 809 1446 61
839 1385 1004 1462 Posidippi
1033 1386 1071 1446 ir.
1099 1388 1155 1462 19,
1185 1403 1247 1448 nec
1277 1389 1486 1450 scribendum
1517 1387 1572 1468 οὐχ
1594 1388 1636 1460 ὥς
1661 1409 1703 1468 γε

411 1505 485 1551 curn
509 1489 645 1551 Kockio.

365 1591 417 1652 lir.
441 1591 517 1652 626.
548 1589 784 1666 corrigendum
815 1603 888 1650 asae
919 1585 1153 1664 ἕκμαίνειιν
1185 1594 1253 1665 (pro
1277 1587 1474 1668 indulcetur),
1495 1592 1567 1654 6611.
1600 1593 1700 1652 volu·

409 1694 515 1768 piato,
540 1689 620 1752 olim
644 1691 739 1752 docui
759 1690 810 1762 (ci.
835 1691 938 1752 etiam
951 1690 1000 1750 Bl.
1014 1691 1096 1752 Add.
1111 1692 1204 1765 318);
1225 1691 1404 1752 violentius
1423 1691 1701 1771 εὐφραίνειιν

411 1793 551 1854 coniecit
583 1791 685 1853 Kock.
715 1792 992 1854 Emendationem
1028 1793 1116 1863 (626)
1150 1785 1224 1874 κᾷτ’
1257 1789 1459 1871 ἀνιιβολεῑιιν
1493 1797 1569 1856 ante
1604 1795 1702 1855 hunc

409 1895 538 1955 invenit
560 1894 697 1954 Kentos.
721 1893 768 1954 De
792 1894 890 1955 verbo
914 1891 1093 1954 ὑποπίπτειν
1117 1893 1165 1954 Bi.
1191 1893 1246 1954 eft.
1272 1893 1368 1968 vesp.
1395 1896 1477 1968 5553
1498 1896 1555 1970 nq.
1580 1897 1635 1956 47.
1653 1929 1696 1939 —

410 1996 458 2057 Bl.
483 1996 567 2057 citra
587 1995 825 2056 necessitatem
847 1997 924 2053 ποῖοι
946 1991 1082 2071 σχήμασι.

366 2099 416 2159 nr.
442 2098 517 2158 628.
541 2093 689 2176 ἁρπαγαῖς
711 2093 829 2174 τρέφων
852 2095 965 2156 Nauck
989 2098 1066 2156 ante
1090 2095 1262 2158 Kocklum.

366 2199 418 2260 Fr.
443 2201 518 2261 629.
542 2198 588 2260 De
612 2197 716 2268 δεινῶς
740 2197 788 2258 Bl.
813 2196 868 2258 cit.
893 2198 1011 2272 Metag.
1026 2196 1153 2269 11762;
1178 2195 1321 2272 Epicrat.
1340 2197 1388 2256 III
1411 2197 1545 2272 37111.;
1570 2198 1696 2260 Herod.

410 2301 441 2361 11
476 2302 528 2362 76.
566 2301 639 2361 149.
683 2297 905 2359 Nihilominus
948 2296 1111 2358 inutiliter
1145 2298 1255 2358 tentat
1288 2295 1344 2375 γὰρ
1379 2295 1417 2374 δὴ
1453 2298 1505 2358 vel
1538 2295 1598 2376 ἤδη
1634 2316 1696 2375 pro

410 2403 532 2463 tradito
556 2400 649 2478 δεινή.

366 2502 418 2562 Fr.
444 2503 518 2562 630.
542 2500 717 2579 λάβρακα
740 2515 798 2575 pro
822 2495 931 2576 γέλωτα
954 2499 1107 2574 proponit
1126 2498 1190 2574 Bt,
1223 2499 1277 2572 qui
1298 2498 1404 2560 lenius
1428 2503 1515 2561 carte
1538 2503 1696 2576 potuerat

411 2601 617 2682 γαλεώιην.
637 2601 784 2663 Tametsi
804 2600 914 2660 locum
933 2603 1078 2675 (propter
1096 2599 1306 2671 brevitatem)
1325 2616 1390 2661 non
1407 2601 1503 2676 plane
1518 2602 1695 2680 intellego,

412 2704 451 2766 cf.
476 2704 558 2764 Ran.
583 2705 626 2764 43

645 2799 764 2862 calcor
787 2800 888 2861 δάκνω
911 2795 935 2880 γ’
961 2798 1106 2880 ἐμαυτόν,
1128 2795 1188 2860 ἀλλ’
1215 2799 1295 2880 ὅμως
1318 2808 1402 2882 γελῶ.

412 2905 529 2966 Verte:
556 2905 709 2980 ,risum
732 2903 779 2964 de
802 2903 1069 2965 salsamento
1092 2904 1340 2966 devorabo”.

367 3007 517 3067 116633.
542 3005 589 3067 06
613 3006 810 3066 attractione
833 3004 882 3066 Bl.
907 3005 963 3066 cit.
989 3005 1158 3081 Hermipp.
1183 3006 1301 3067 11416
1326 3007 1367 3068 ii.

368 3108 419 3168 llr.
444 3109 519 3169 636.
542 3109 630 3168 Ante
653 3106 702 3166 Bl.
727 3107 852 3167 contuli
875 3106 1026 3167 Pherecr.
1051 3109 1104 3182 61,
1130 3109 1160 3167 6.

366 3209 415 3269 Fr.
441 3210 516 3271 640.
540 3210 574 3269 Si
597 3222 717 3269 sanum
741 3211 804 3284 eat,
830 3208 914 3283 quod
938 3208 1129 3269 etiamnunc
1149 3208 1276 3283 dubito,
1300 3208 1498 3288 ἑξαχοίνιιον,
1518 3213 1696 3289 peregrino

411 3311 463 3372 hlc
494 3327 540 3371 ve.
564 3309 759 3372 tribuendus
782 3323 857 3370 cum
882 3308 1015 3369 Kockio.
1041 3309 1103 3369 Pro
1127 3309 1249 3370 Kleinii
1273 3311 1463 3373 coniectura
1485 3307 1696 3392 ὂκιαχοίνιιιον

411 3411 459 3473 Bl.
482 3413 552 3472 iure
575 3411 723 3489 postulat
744 3406 963 3488 ὀκτωχοίνικον.

367 3513 418 3573 Fr.
442 3514 517 3574 646.
543 3513 615 3574 Uno
639 3527 686 3572 vs.
710 3511 759 3572 Bl.
783 3514 832 3582 (ut
855 3511 959 3586 Kock,
984 3512 1039 3585 qui
1064 3513 1178 3572 tamen
1201 3515 1316 3574 serrat
1338 3510 1476 3584 ἐοικέναι)

667 3609 928 3690 προσεικέναι
950 3609 1008 3691 γὰρ
1032 3609 1125 3672 αὐτὸν
1149 3605 1233 3689 οἶμαι
1255 3611 1377 3674 κόλλοπι

409 3716 551 3792 probans
575 3716 659 3776 hanc
680 3713 794 3776 (lebeti
817 3728 992 3788 meamque
1017 3714 1252 3775 coniecturam.
1277 3696 1523 3778 Facileautem
1543 3717 1605 3778 hac
1621 3733 1693 3778 ver·

411 3817 526 3878 borum
549 3816 807 3892 transpositione
831 3815 1027 3876 carebimua

366 3918 418 3978 Fr.
442 3920 518 3994 647,
544 3920 573 3978 2.
598 3915 634 3976 τὰ
664 3915 761 3996 adponi
791 3936 849 3992 μου
869 3909 1057 3992 ’ξέφηνεν
1089 3921 1157 3990 (pro
1188 3912 1396 3991 μούξὲπιιισεν)
1420 3919 1468 3980 Bl.
1494 3919 1612 3996 Quidni
1634 3934 1695 3993 per

411 4021 518 4080 crasin
541 4015 754 4095 μούξέφηνεν7
780 4016 873 4077 Idem
896 4031 1035 4077 servans
1059 4031 1166 4076 accus.
1192 4017 1295 4079 abaci.
1320 4019 1364 4091 (in
1389 4022 1557 4082 comoedia
1579 4036 1692 4098 auspe-

410 4123 527 4197 ctum)‚
552 4119 730 4199 προύκοψεν
753 4122 848 4192 (παρ,
871 4119 934 4189 ἐξ).
958 4118 1111 4177 Praestat
1134 4118 1215 4178 nihil
1239 4134 1372 4182 novare.

366 4222 417 4282 Fr.
442 4222 518 4281 661.
542 4217 662 4297 ἀνήσεις
684 4233 759 4280 cum
784 4219 854 4280 cod.
886 4218 995 4279 Falci.
1020 4220 1078 4278 aut
1103 4214 1207 4295 ἀνήσει
1230 4221 1383 4294 praefert.
1407 4223 1456 4283 Bl.
1489 4223 1553 4284 Rea
1577 4223 1693 4284 diiudi-

412 4322 480 4382 cari
503 4321 626 4396 nequit.

366 4422 418 4482 Fr.
432 4423 508 4483 653.
528 4422 664 4483 Temere
676 4421 725 4481 Bl.
744 4416 848 4498 φέρειν
861 4419 910 4479 δεῖ
923 4435 981 4495 pro
998 4416 1101 4498 φέρειν
1113 4426 1185 4495 νῦν,
1198 4423 1232 4480 et
1244 4420 1283 4481 fr.
1298 4423 1360 4483 664
1375 4425 1411 4484 Β.
1429 4423 1586 4488 (κόθεν)
1602 4423 1693 4486 εὐθὺ.

367 4522 420 4582 Fr.
443 4523 518 4583 667.
549 4520 610 4583 Ort.
642 4521 691 4582 Bl.
715 4521 857 4581 latinum
889 4521 1048 4581 floccos
1071 4519 1216 4594 legere
1240 4521 1335 4592 (Cels.
1360 4524 1392 4584 II
1415 4527 1447 4595 6)
1470 4528 1505 4587 et
1527 4526 1692 4602 Theophr.

412 4622 506 4684 char.
526 4623 567 4698 Ii,
588 4623 628 4682 21
650 4624 684 4682 et
702 4621 786 4682 alica
805 4619 894 4682 locos
908 4637 938 4696 p.
953 4621 995 4681 70
1007 4621 1128 4681 61319.
1149 4620 1211 4680 Pro
1230 4619 1336 4701 παρὼν
1350 4625 1490 4688 coniecit
1506 4625 1693 4706 προστρέ-

411 4745 456 4803 χω
464 4745 490 4783 ν.
509 4723 630 4784 Lanius
641 4722 748 4798 Bergk
766 4721 944 4802 περιιών;
964 4721 1171 4782 Kockianum
1191 4734 1424 4803 παρακορῶν
1445 4742 1510 4788 non
1523 4728 1692 4803 intellego.

368 4825 421 4884 Fr.
446 4825 519 4885 667.
543 4819 834 4901 ἀπεριλάληιος
859 4823 1017 4900 Αἰσχύλος.

413 4926 465 4985 Ita
493 4924 557 4985 dici
587 4922 716 4984 videtur
739 4937 759 4982 a
785 4926 895 4999 poeta,
928 4926 965 4985 ut
982 4921 1125 4996 Euripidi
1149 4928 1341 4998 opponatur.
1366 4927 1412 4990 cf.
1437 4930 1519 4991 Ran.
1544 4931 1619 4990 839.
1644 4930 1694 4992 06

413 5026 511 5087 verbo
529 5027 696 5106 περιλαλεῑν
720 5024 759 5084 61.
783 5023 840 5084 Ar.
864 5024 950 5085 11661.
978 5023 1053 5083 230.
