3718 5788
903 455 966 516 186

276 633 327 695 Fr.
351 637 382 710 4,
411 636 437 694 1.
468 635 558 696 Ferri
589 637 703 710 nequit
732 639 839 700 otiosa
862 641 981 700 vocula
1004 661 1050 719 γε,
1077 642 1149 701 sive
1173 656 1249 701 curn
1272 640 1320 700 Bi.
1345 640 1524 715 legendum
1548 645 1602 701 est

319 729 379 795 ἀλλ’
405 733 519 815 <ἐγὼ>
543 738 615 799 sive
635 755 766 800 mecum
787 737 860 800 ἀλλὰ
888 740 1003 820 (γὰρ)
1031 741 1101 814 τοὺς
1121 741 1318 818 φιλοσόφους.
1340 775 1380 784 -
1394 741 1451 802 Vs.
1466 743 1496 802 3.
1511 741 1600 802 Olim

319 837 443 898 conieci
473 837 590 916 σφόδρα
621 855 679 914 pro
710 837 784 918 ὁρῶ,
814 844 900 916 quod
930 847 1006 917 post
1036 841 1162 921 ιὺρλοιοτ
1193 849 1255 913 (vs.
1281 845 1312 912 2)
1336 843 1496 918 abundat,
1528 859 1599 918 pro·

319 939 418 1000 bante
441 939 490 1000 Bl.

276 1040 325 1099 ur.
350 1042 380 1116 6,
408 1044 436 1102 1.
465 1043 747 1116 acquiescendum
779 1047 812 1106 in
842 1046 1016 1108 lenissima
1044 1047 1184 1108 Dobraei
1213 1047 1415 1107 correctione
1445 1037 1510 1122 φέρ’
1537 1037 1597 1104 oio’

318 1157 375 1216 pro
408 1139 527 1220 φέροις,
562 1159 639 1218 prae
674 1161 739 1218 qua
772 1148 907 1209 sordent
940 1149 1056 1209 Koclrii
1086 1151 1120 1208 et
1142 1147 1307 1222 Blaydcsii
1331 1147 1528 1206 tentamina.
1555 1180 1597 1190 —

318 1243 373 1304 Vs.
399 1245 428 1304 2.
453 1244 533 1304 Ellis
556 1261 607 1320 ap.
631 1245 679 1306 Bi.
702 1247 924 1326 τνροτνήοτεις,
947 1253 1015 1324 ποῖ,
1038 1247 1110 1308 δέκα
1135 1249 1187 1309 vel
1210 1245 1331 1324 ἔνθετο,
1354 1249 1514 1321 quantum
1539 1263 1599 1308 nu·

318 1359 448 1405 morum
482 1346 552 1406 iure
582 1347 728 1422 mireris,
760 1351 829 1425 ipse
860 1351 908 1411 Bt.
940 1349 1151 1427 τυρόκνηστιν,
1181 1346 1319 1427 ἐσχάρας,
1344 1347 1459 1423 quales
1482 1347 1598 1409 ariola-

318 1447 423 1507 lionos
446 1447 569 1508 nullius
591 1452 669 1509 sunt
692 1451 800 1524 pretii.
825 1451 973 1526 Speciem
994 1451 1115 1512 saltem
1135 1451 1234 1511 habet
1253 1449 1408 1526 πελλλιην,
1429 1449 1514 1522 quod
1538 1465 1599 1523 pro

315 1547 459 1624 ιταιδλιιρν
481 1548 549 1609 leni
571 1551 759 1612 coniectura
777 1555 946 1628 proposuit
965 1548 1094 1630 Nauck,
1115 1568 1175 1613 nec
1194 1555 1308 1612 tamen
1326 1566 1442 1611 verum
1455 1551 1597 1626 videtur,

316 1647 391 1720 quia
421 1665 461 1710 ea
491 1665 556 1710 vox
587 1655 777 1714 constanter
808 1669 872 1715 uno
895 1659 910 1713 λ
933 1655 1093 1729 scriptum
1127 1655 1279 1716 occurrit.
1308 1655 1420 1727 Aeque
1451 1651 1598 1713 difficilis

318 1751 369 1808 est
391 1749 424 1810 in
449 1766 496 1811 vs.
522 1753 541 1812 6
572 1753 643 1814 sivo
667 1755 844 1830 explicatio
867 1757 939 1817 sive
963 1756 1150 1816 emendatio
1174 1756 1265 1816 vocis
1287 1752 1599 1833 ἀρονιοιηρίιιι·.

318 1849 401 1924 Quia
428 1853 539 1914 autem
569 1855 694 1932 κύβηλις
724 1860 795 1918 erat
825 1858 924 1920 cultri
947 1859 1087 1935 species,
1111 1858 1197 1932 quod
1221 1857 1440 1932 (componitur
1461 1857 1551 1918 enim
1576 1873 1597 1917 a

318 1952 448 2014 Polluce
471 1953 515 2013 VI
538 1957 580 2017 98
605 1971 680 2016 cum
711 1973 790 2020 voce
818 1959 1025 2038 τορόιινιροτις,
1047 1960 1088 2020 ci.
1113 1959 1237 2020 Cratini
1260 1959 1298 2019 ir.
1323 1960 1399 2030 315)
1426 1959 1528 2020 etiam
1553 1959 1595 2019 ad

317 2053 544 2117 radendum
574 2057 756 2120 adhibitum
785 2077 858 2122 esse
882 2063 1021 2137 videtur,
1046 2061 1099 2136 agi
1124 2061 1246 2135 aliquid
1269 2063 1396 2136 posset,
1421 2061 1450 2120 si
1473 2061 1596 2122 ultima

317 2155 456 2216 traditae
486 2157 638 2220 lectionis
667 2177 743 2236 pars
773 2164 894 2224 celaret
918 2162 1115 2241 ιινηστιρρίαν,
1139 2162 1223 2223 unde
1247 2163 1403 2237 penderet
1425 2177 1498 2237 gen.
1522 2162 1591 2238 plu·

316 2257 395 2318 ralis
429 2258 607 2322 eliciendus
641 2279 681 2323 ex
717 2263 841 2322 ΑΓΩΝ.
876 2263 965 2324 Nihil
996 2279 1073 2325 vero
1104 2263 1171 2324 tale
1201 2264 1369 2339 reperiens
1399 2268 1488 2334 (nam
1511 2259 1595 2322 ἀλῶν

317 2374 381 2419 non
405 2364 518 2435 aptum
544 2363 696 2440 videtur),
721 2364 966 2426 dubitabundus
989 2380 1149 2441 propono:

494 2461 543 2524 aori
567 2463 621 2542 τὴν
643 2467 771 2545 κύβηλιν
793 2465 848 2543 τὴν
872 2463 1119 2543 &octonorio
1147 2478 1227 2544 (μοι
1251 2462 1364 2543 φέρε).

273 2561 322 2620 Pr.
348 2562 379 2636 8,
407 2565 434 2622 l.
459 2560 559 2642 μέλην.
591 2568 640 2642 „A
662 2567 842 2644 banoy-jar,
866 2568 975 2642 bonav
999 2569 1096 2643 being
1119 2568 1176 2628 the
1200 2566 1296 2627 usual
1318 2567 1454 2627 libation
1478 2569 1512 2628 to
1536 2567 1594 2628 the

316 2661 431 2723 doad.’'
454 2663 625 2730 HeadIam.

273 2858 492 2945 Philippidis
516 2867 555 2927 ir.
581 2869 610 2928 2.
636 2868 707 2929 Vid.
733 2863 860 2944 Nauck,
886 2869 958 2930 llel.
982 2869 1027 2929 VI
1051 2886 1081 2945 p.
1109 2870 1181 2930 132.

273 2963 323 3023 Pr.
349 2967 378 3024 5.
402 2956 469 3042 ἦλθ’
491 2982 548 3042 pro
568 2959 612 3045 ἦτ’
634 2969 786 3043 Blaydes.
808 2969 870 3030 Cur
890 2972 1048 3032 tandem?
1070 3005 1106 3015 —
1132 2971 1187 3032 Vs.
1212 2973 1243 3032 3.
1267 2964 1404 3049 ystriooo'
1436 2967 1592 3049 <ἧρὲμα>

316 3065 448 3127 Palmer
471 3083 521 3144 ap.
546 3069 594 3131 Bi.

272 3165 324 3226 Fr.
348 3169 378 3227 6.
525 3167 624 3250 ἔλεγον
649 3166 677 3231 δ’
705 3169 760 3250 ἐγώ
784 3189 832 3231 σοι
856 3170 896 3248 μὴ
921 3176 1041 3251 γαμεῖν,
1064 3173 1117 3249 ζῆν
1142 3166 1168 3231 δ’
1196 3167 1328 3249 ἡδέως.

315 3269 360 3328 Ut
379 3269 574 3333 confirmant
592 3275 775 3350 sequentia,
804 3271 884 3357 ξρθὲῳ
905 3274 995 3335 nulla
1017 3275 1215 3335 necessitate
1234 3275 1374 3335 coniecit
1385 3273 1490 3350 Koch,
1511 3275 1597 3348 quod

315 3370 394 3432 olim
426 3373 598 3436 observavi
632 3377 665 3435 et
695 3391 782 3436 nuno
813 3370 1081 3436 consentientem
1106 3375 1200 3436 video
1224 3375 1308 3435 mihi
1331 3375 1397 3451 et,
1428 3373 1483 3448 qui
1506 3378 1597 3435 recte

315 3475 428 3534 tuetur
451 3476 629 3554 προβάλλειν
653 3492 702 3536 vs.
728 3479 759 3537 4.

271 3573 320 3634 Fr.
345 3574 376 3634 8.
408 3576 481 3636 lure
511 3578 598 3638 idem
623 3581 736 3638 monet
759 3577 987 3639 Philemonem
1015 3578 1190 3653 scripsisse
1213 3577 1375 3652 fabulam,
1401 3577 1495 3637 cuius
1518 3577 1596 3637 titu-

313 3674 366 3735 lus
385 3676 448 3737 suit
469 3679 718 3738 ΠΑΡΕΙΣΙΩΝ.
739 3680 785 3740 Oi.
807 3680 953 3740 Mainake
974 3681 1056 3742 Men.
1078 3679 1161 3739 Phil.
1174 3695 1205 3754 p.
1220 3681 1284 3740 375
1305 3679 1594 3753 moestiores).

271 3775 321 3836 Fr.
346 3778 376 3853 9,
402 3781 431 3840 5.
456 3777 610 3852 ἔσθοντας.
635 3782 844 3857 Suspectum,
870 3783 910 3842 ci.
934 3781 1035 3841 Koch.
1063 3783 1145 3842 Fieri
1169 3783 1279 3856 potest
1301 3785 1339 3842 ut
1362 3782 1407 3841 sit
1429 3780 1597 3855 glossema

313 3881 475 3953 genuinae
497 3883 648 3944 lectionis
671 3883 851 3958 τάττοντος,
873 3899 971 3956 quam
995 3881 1152 3943 substitui
1175 3882 1275 3943 iubet.
1302 3916 1341 3926 -
1362 3882 1418 3942 Vs.
1442 3883 1492 3942 10.
1516 3882 1594 3943 hiul-

313 3982 385 4040 tum
409 3983 520 4044 dubito
545 4001 624 4045 num
648 3986 763 4061 lateat,
789 3986 873 4059 quod
897 3985 1034 4060 putabat
1056 3985 1160 4059 Koch,
1186 3985 1387 4060 ambiguitas
1409 3985 1443 4044 in
1463 3984 1573 4044 verbis

626 4083 663 4144 tto
686 4084 742 4165 γὰρ
766 4083 870 4169 ἀναθῇ
894 4110 950 4162 τις,
974 4085 1069 4157 εὐθὺς
1090 4085 1223 4162 ἣρπασεν

313 4189 485 4258 propterea
508 4189 592 4261 quod
616 4185 792 4248 ἀνατιθέναι
812 4190 851 4249 de
871 4189 952 4249 solis
972 4189 1069 4248 rebus
1087 4189 1137 4248 dis
1150 4187 1309 4248 dedicatis
1321 4192 1507 4264 usurpatur,
1528 4204 1594 4250 non

315 4288 353 4347 de
385 4289 425 4348 iis
456 4306 558 4364 quae
590 4293 629 4351 in
660 4307 804 4352 rnensa
835 4292 943 4352 domi
975 4293 1284 4366 proponuntur,
1313 4291 1399 4364 quod
1423 4293 1474 4350 est
1497 4311 1593 4368 τιαρο-

314 4386 438 4448 τιθένοο.
474 4393 514 4452 Et
547 4395 631 4453 satis
663 4394 770 4454 hercle
801 4395 920 4454 festive
950 4395 1030 4454 haec
1060 4393 1131 4453 sine
1163 4392 1231 4455 ulla
1261 4391 1477 4467 ambiguitate
1505 4393 1594 4453 dicta

314 4493 401 4551 sunt.
438 4493 615 4567 „Difficile”
648 4496 732 4557 alter
762 4496 892 4556 dixerat
926 4498 1017 4570 „erat
1047 4494 1125 4554 olim
1150 4509 1210 4554 vas
1234 4497 1314 4554 adeo
1338 4493 1520 4569 pretiosum
1543 4494 1596 4568 dis

314 4593 458 4654 dicatum
484 4597 627 4658 videre.’'
652 4599 840 4660 Succlamat
864 4599 946 4659 alter
980 4598 1150 4672 „Proiecto
1182 4599 1283 4658 etiarn
1313 4610 1412 4670 nuno,
1438 4595 1593 4667 quoniam

314 4696 455 4757 simulac
478 4699 595 4773 aliquis
614 4700 778 4762 dedicavit
800 4701 886 4775 rapit
909 4699 1026 4760 alius.”
1050 4701 1185 4760 Notavit
1209 4707 1267 4758 τῶν
1290 4697 1452 4777 λεροσύλων
1472 4697 1593 4758 aetatis

314 4811 394 4856 suae
416 4799 587 4860 audaciam
610 4801 819 4877 Philippides.

271 4899 321 4958 lh.
349 4900 398 4959 13.
568 4897 667 4979 ὀρθῶς
690 4923 728 4982 γε
751 4901 806 4979 τὴν
828 4902 927 4982 ῥύμην
951 4900 1294 4981 ὡδοιπορήκαμεν.

314 5000 473 5076 Suspecta
496 5002 577 5061 mihi
602 5007 653 5062 est
677 5003 854 5064 admodum
883 5005 916 5063 in
941 5005 1076 5078 antiquo
1100 5005 1260 5079 scriptore
1283 5005 1391 5068 forma
1413 4998 1594 5079 ὁδοπετιοιή-
