3718 5788
835 506 899 568 215

201 688 254 750 Fr.
291 688 356 750 882
398 688 455 751 οὐκ
497 687 748 770 ἐπιγλωττήσομαι
789 691 985 766 quantocius
1028 690 1212 752 delendum.
1256 692 1441 752 Permirum
1476 695 1529 755 est

247 788 423 868 Kockium,
448 791 674 868 Blaydesium,
699 793 808 867 ipsum
832 792 1015 853 Nauckium
1038 791 1151 852 fallere
1175 793 1321 868 potuisse
1344 793 1453 854 locum
1473 809 1526 855 no·

247 891 417 953 tissimum
440 894 495 953 Ar.
521 894 659 966 Lysistr.
684 894 745 954 37:
778 921 783 932 ·

447 992 597 1074 περὶτῶν
621 997 758 1073 Ἀθηνῶν
783 989 811 1055 δ’
838 993 909 1056 οὐκ
932 992 1283 1075 ἐπιγλωττήσομαι

447 1103 585 1156 τοιοῦτον
609 1094 707 1156 οὐδέν.

202 1195 253 1255 Fr.
277 1197 342 1257 886
377 1212 443 1258 non
478 1197 597 1259 comici
631 1198 689 1260 sed
725 1198 896 1274 scriptoris
929 1197 1093 1275 pedestris
1127 1212 1200 1258 esse
1235 1196 1382 1258 ostendit
1415 1197 1527 1258 Nauck

248 1295 269 1358 1.
282 1296 303 1357 1.
327 1313 358 1372 p.
387 1299 460 1360 187.

204 1397 254 1458 Fr.
279 1398 354 1459 888.
380 1399 547 1461 Menandri
570 1401 609 1462 fr.
634 1401 709 1476 462,
737 1403 776 1462 ll
802 1398 1043 1479 ὑποβινητιῶντα
1067 1399 1208 1479 βρώματα
1231 1399 1286 1460 crt.
1311 1399 1462 1473 Blaydes.

204 1498 254 1559 Fr.
280 1500 354 1561 690.
380 1501 452 1563 Vid.
477 1502 590 1563 Nauck
615 1503 636 1563 1.
661 1503 682 1563 l.
707 1519 737 1577 p.
765 1503 838 1564 166.

204 1599 354 1662 71893.
391 1603 565 1664 Manifesto
600 1620 664 1665 non
699 1605 886 1666 detenditur
918 1602 1092 1681 ποντοκύκη
1126 1601 1204 1683 γυνη
1236 1607 1323 1672 (vere
1353 1603 1527 1679 παντοκύιιη

247 1703 419 1780 Arcadius)
440 1705 607 1766 vocabulis
627 1705 839 1784 ποντοφάρυγξ
859 1709 892 1767 et
911 1703 1148 1784 ποντοχάροβδις
1168 1703 1298 1764 collatis
1311 1718 1330 1763 a
1342 1703 1525 1776 Blaydesio.

202 1803 253 1864 Fr.
278 1805 352 1866 896.
388 1806 529 1868 Prorsus
565 1807 712 1868 alienum
746 1809 798 1868 est
832 1807 925 1867 διττῶν
956 1805 1146 1886 μαργαθτύς,
1176 1805 1344 1880 Aristopb.
1376 1805 1416 1866 ir.
1449 1806 1524 1881 217,

247 1907 331 1978 quod
356 1911 525 1984 comparat
550 1909 597 1970 Bl.

202 2005 254 2066 Fr.
281 2007 356 2068 902.
382 2009 463 2069 Ρολλ.
488 2009 565 2069 VIlI
590 2011 643 2071 81.
669 2009 850 2088 Σκαρλαν
874 2008 992 2088 δίκην

292 2103 491 2186 ὀνομάζουσιν
521 2109 550 2170 oi
579 2110 885 2195 κωμῳδοδιδάσκαλοι
915 2108 969 2188 τὴν
999 2112 1150 2190 τραχεῖαν,
1173 2105 1213 2187 ἣν
1236 2108 1268 2170 οἱ
1288 2108 1526 2190 φνγοδικοῦντες

249 2207 428 2286 ἐσκήπτοντο
459 2209 500 2282 εἷς
529 2214 653 2292 Σκῦρον
688 2207 708 2290 ἢ
743 2211 784 2283 εἰς
819 2215 949 2290 Λῆμνον
984 2208 1161 2289 ἀποδημεῖν.
1195 2212 1285 2272 Haec
1319 2225 1384 2271 non
1418 2209 1526 2285 magis

248 2310 403 2387 intellego
437 2328 537 2387 quam
571 2313 726 2390 alaysa,
766 2315 859 2374 cuius
893 2317 1006 2375 tamen
1041 2313 1188 2375 violenta
1220 2311 1407 2374 coniectura
1441 2310 1526 2391 πρό-

248 2427 372 2487 φασιν
406 2417 519 2488 aperte
553 2414 635 2474 nihil
666 2412 843 2492 proficitur,
875 2416 951 2489 quia
984 2416 1056 2490 ipsa
1086 2414 1154 2492 δίκη
1184 2429 1249 2475 non
1279 2413 1386 2487 potuit
1416 2413 1527 2472 vocari

248 2516 449 2587 praetextus.
482 2516 688 2577 Sententiam
719 2517 839 2577 misere
868 2517 1038 2577 turbatam
1068 2532 1142 2577 esse
1165 2516 1282 2577 docent
1306 2513 1438 2574 Macaril
1463 2514 1525 2574 loci

249 2613 292 2674 IV
315 2617 368 2677 76.
395 2618 447 2692 77,
472 2632 553 2691 quos
577 2617 668 2678 Kock
691 2618 803 2678 attulit
827 2618 876 2677 ΙΙΙ
899 2633 972 2693 pag.
997 2620 1050 2679 71.
1075 2618 1145 2677 Nisi
1164 2617 1269 2693 fallor,
1294 2631 1360 2677 non
1384 2615 1526 2676 Pollucis

248 2718 300 2776 est
330 2721 481 2795 τραχεῖαν,
509 2718 566 2778 sed
597 2719 841 2793 interpolatoris
865 2719 1066 2780 adiectivum
1090 2717 1216 2799 σκαηίαν
1240 2718 1289 2778 sic
1312 2717 1525 2792 interpretan-

249 2817 293 2877 tis
325 2817 376 2886 (cf.
407 2816 440 2878 τὸ
471 2825 583 2898 σαῦρον
598 2842 645 2884 ,ε
665 2820 781 2898 λατύπη
813 2824 846 2881 et
869 2819 977 2900 σκυρός
998 2843 1039 2868 =
1060 2819 1200 2899 σκιρηός).
1231 2820 1385 2880 Fortasse
1408 2817 1526 2878 Pollux

248 2920 383 2981 dederat
422 2918 477 2997 τὴν
510 2919 672 2999 <61την>,
717 2916 757 2998 ἣν
790 2921 822 2982 oi
850 2908 1090 3001 ’φαμοδικοῦντες
1119 2919 1191 2999 κτὲ.,
1225 2915 1363 2997 litem,
1404 2935 1525 2994 quam

248 3021 317 3095 qui
349 3021 576 3097 fugiebant
607 3023 927 3099 praetexebant
950 3027 1012 3084 etc.

206 3123 256 3183 Fr.
280 3124 355 3185 939.
380 3124 596 3185 Probabiliter
619 3122 865 3204 ἀντιπελάρμησις
890 3126 1030 3186 coniecit
1052 3125 1101 3185 Bl.

205 3225 253 3286 Fr.
278 3227 353 3286 946.
382 3227 504 3288 Utrum
523 3228 735 3304 praeferenda
753 3229 799 3288 sit
816 3227 1026 3303 grammatici
1045 3229 1078 3287 in
1098 3226 1236 3287 Bckkeri
1248 3223 1417 3285 anecdotis
1428 3223 1525 3284 lectio

246 3323 522 3406 ἆποκηαιπαλισμός
546 3345 587 3390 an
612 3329 730 3390 Suidae
754 3330 834 3400 (cod.
861 3334 899 3400 A)
923 3323 1281 3407 ἀποκεκραιπαλισμένος,
1306 3324 1390 3399 quod
1409 3324 1526 3399 probat

247 3429 310 3504 Bi,
346 3444 444 3491 namo
478 3432 669 3492 mortalium
699 3433 783 3492 scire
817 3433 935 3506 potest.
971 3431 1054 3506 Quia
1082 3433 1197 3490 tamen
1226 3429 1359 3504 propter
1387 3425 1525 3486 verbum

247 3530 389 3606 simplex
417 3537 585 3611 κραιπαλᾶν
609 3533 822 3594 verisimilius
849 3534 902 3593 est
924 3533 1146 3606 compositum
1169 3529 1272 3589 fuisse
1295 3524 1524 3604 &conprimatur

247 3636 304 3693 aut
344 3631 628 3714 ἀπτκραιπαλησμός
666 3636 724 3705 (sic
755 3634 860 3711 Kock,
892 3635 964 3695 sine
1002 3647 1102 3694 causa
1132 3629 1341 3707 improbante
1371 3628 1431 3697 Bl.)
1467 3628 1525 3687 aut

246 3731 579 3814 ἀποτετραιπαλημέντς
602 3737 783 3812 genuinum
808 3751 881 3796 esse
905 3735 1055 3796 arbitror.

206 3835 254 3896 Fr.
278 3837 353 3898 949.
377 3833 578 3916 ἆρποτξδμιλος
598 3855 656 3915 pro
674 3838 775 3916 -μίλης
795 3853 872 3898 vere
891 3837 1016 3913 Nauck,
1038 3832 1280 3910 collectarios,
1299 3830 1523 3910 εὐπροσόμτλος.

206 3937 254 3996 Fr.
286 3938 361 4000 953.
404 3936 612 4018 ἇσπακάζομοιι
651 3937 909 4016 (δισπαπάζομαιῖ)
945 3953 1003 4012 pro
1038 3934 1206 4013 ἀσπάζομαι
1241 3934 1326 4009 apud
1361 3933 1523 3995 comicum

247 4042 356 4102 nescio
380 4058 478 4116 quem
502 4044 643 4105 fortasse
667 4044 773 4103 dicere
797 4042 962 4118 putandus
988 4042 1040 4100 est
1063 4038 1179 4100 balbus
1202 4038 1259 4098 aut
1282 4035 1392 4095 ebrius
1415 4033 1525 4094 balbu-

245 4143 345 4220 tiens,
369 4147 484 4218 quales
506 4146 686 4208 introducit
708 4145 857 4205 Plautus.

206 4241 254 4305 Fr.
278 4247 352 4307 957.
385 4245 449 4308 Gur
479 4248 527 4308 Bi.
559 4246 762 4325 βαμβακύζειν
793 4246 957 4321 (Hippon.)
990 4242 1110 4304 melius
1137 4244 1258 4305 iudicet
1281 4258 1382 4318 quam
1406 4243 1523 4321 βαμβα-

245 4347 342 4418 λύζειν
365 4348 477 4419 (Bell.
501 4351 575 4421 An.)
600 4349 720 4410 vellem
744 4348 954 4424 explicasset.
978 4347 1136 4420 Equidem
1160 4346 1289 4406 collatis
1313 4345 1429 4406 formis
1448 4347 1523 4424 βαμ-

245 4447 361 4526 βαίνετν
391 4454 425 4511 et
453 4451 635 4531 βαμβάλλειν
665 4451 774 4527 potius
808 4451 847 4511 de
882 4450 1008 4511 formae
1043 4448 1299 4524 Hipponacticae
1333 4448 1523 4508 sinceritate

246 4551 436 4631 dubitarim,
462 4569 537 4614 cum
559 4554 757 4630 praesertim
779 4550 951 4631 βάμβακυς,
974 4549 1156 4629 βαμβακεία,
1178 4549 1402 4630 βαμβακεύτρια
1421 4550 1523 4610 notio·

245 4667 304 4714 nes
327 4653 473 4716 habeant
494 4656 591 4731 longe
614 4656 773 4716 diversae.

204 4755 252 4817 Fr.
277 4758 352 4817 946.
377 4757 512 4836 βαύχρως
532 4779 583 4828 τις.
602 4756 650 4818 Bl.
670 4756 840 4835 βούρωστος
858 4754 1089 4835 νοΙβούρωμος.
1103 4755 1214 4815 Satius
1229 4757 1356 4815 estnon
1370 4755 1521 4829 tangerel

204 4857 252 4918 Fr.
277 4858 351 4919 969.
382 4867 478 4941 <τῷ>
505 4858 617 4936 σώματι
641 4873 682 4918 ex
706 4858 873 4933 Hesychio
897 4856 1029 4933 supplet
1052 4857 1099 4919 Bl.

203 4961 253 5022 rr.
285 4962 360 5022 980.
396 4960 589 5038 trepidatis.
630 4961 765 5022 Praeter
806 4960 951 5036 simplex
986 4959 1026 5020 cf.
1062 4955 1308 5036 ἀναψαθάλλειν,
1348 4956 1525 5035 μαλάττειν,

245 5059 481 5140 δποψαλάττετν,
503 5065 652 5140 ψηλαφᾶν
676 5064 737 5123 ete.
