3748 5792
596 1751 791 1832 CAPUT
817 1752 1159 1836 SECUNDUM.

567 2229 622 2285 Ad
646 2229 771 2286 Kookii
792 2231 961 2288 volumen
982 2233 1189 2288 secundum.

216 2431 430 2519 irruptionis
452 2436 491 2498 fr.
519 2437 547 2513 1,
572 2438 603 2498 4.
639 2437 809 2499 traditam
839 2436 1015 2499 lectionem
1046 2439 1157 2499 tuetur
1187 2435 1250 2514 Bl.,
1283 2436 1358 2498 coll.
1389 2435 1536 2496 eiusdem

255 2540 371 2615 poetae
405 2539 444 2600 rr.
479 2540 551 2614 176,
577 2539 608 2614 4,
646 2539 733 2600 mele
766 2541 879 2616 spreta
913 2539 1039 2615 optime
1072 2540 1117 2599 ibi
1152 2539 1304 2600 Meinekii
1339 2537 1538 2599 correctione

256 2636 440 2718 κατέχοντας.
475 2639 537 2701 Ort.
570 2640 673 2700 etiem
701 2639 815 2702 Bubul.
842 2643 894 2716 37,
921 2642 955 2716 3;
987 2642 1039 2718 64,
1070 2643 1096 2702 l.
1128 2641 1245 2702 Melius
1273 2639 1419 2701 defendit
1450 2636 1538 2715 ὅλην,

257 2757 303 2802 st.
326 2738 382 2817 τὴν
407 2741 513 2802 κύλικα
536 2741 569 2802 in
593 2741 633 2802 fr.
659 2743 689 2818 3,
717 2742 745 2803 1.

214 2843 265 2904 Fr.
290 2844 321 2904 4.
346 2843 418 2904 Non
441 2842 529 2905 mele
551 2845 639 2905 idem
664 2837 796 2922 έκαλεῖέ,
819 2837 879 2904 εἶτα
903 2860 961 2920 pro
985 2841 1129 2924 teristro,
1152 2845 1209 2906 sed
1229 2845 1287 2905 vix
1307 2848 1394 2906 recte
1413 2845 1452 2905 fr.
1472 2843 1536 2920 5,2

257 2939 353 3005 δύναι’
379 2941 418 3003 ἂν
441 2961 500 3020 pro
524 2945 706 3024 δυνάμενος,
727 2946 813 3021 quod
838 2962 956 3008 eanum
981 2947 1120 3024 videtur,
1142 2949 1175 3008 et
1192 2948 1264 3010 sine
1283 2947 1435 3008 causefr.
1453 2947 1536 3022 16,2

256 3044 519 3120 ἀσονάκολοαθοςς
553 3063 614 3110 nec
645 3048 739 3110 video
770 3049 1003 3111 necessitatem
1028 3049 1067 3111 fr.
1095 3050 1144 3126 18,
1171 3051 1190 3110 3
1223 3049 1388 3110 scribendi
1410 3051 1539 3128 κροσια-

255 3149 332 3229 βών,
355 3153 414 3212 aut
437 3166 485 3212 vs.
510 3155 529 3212 4
553 3149 645 3229 μόνος
667 3156 764 3228 θεῶν,
785 3151 840 3211 ubi
864 3152 904 3212 ed
927 3167 977 3212 vs.
1003 3155 1022 3214 6
1047 3151 1102 3212 cst.
1127 3152 1224 3229 Soph.
1248 3151 1298 3214 Αἰ.
1324 3152 1399 3212 926.

214 3251 263 3312 Fr.
289 3255 341 3328 20,
369 3254 397 3314 1.
422 3249 492 3329 κρέα
516 3249 651 3326 δέτίνος
680 3250 774 3316 <ἂν>
800 3255 888 3316 idem
919 3255 1031 3314 minus
1054 3269 1229 3315 numerose
1253 3268 1352 3328 quem
1376 3251 1523 3313 Meineke

255 3355 309 3427 qui
328 3351 416 3433 κρέας
435 3355 581 3433 corrigit,
601 3357 718 3418 deinde
739 3355 824 3429 ὅτοας
844 3359 913 3431 (pro
931 3355 1058 3432 τινόςς),
1080 3355 1165 3430 quod
1184 3371 1264 3417 sene
1280 3354 1481 3416 consuetius.
1501 3386 1537 3397 -

255 3454 310 3516 Vs.
333 3457 365 3517 6.
391 3456 461 3518 Non
485 3457 593 3532 inepte
616 3458 749 3534 supplet
778 3454 896 3520 ταοτ<έ
919 3455 955 3517 τὰ
978 3452 1073 3535 κρέ’>
1100 3454 1223 3534 ἐσθίον,
1244 3458 1302 3518 sed
1327 3457 1435 3532 magis
1455 3455 1538 3517 mihi

254 3556 465 3619 sublanditur
487 3558 658 3633 ingeniosa
681 3559 797 3621 Kockii
821 3559 1019 3622 coniectura.

213 3657 261 3718 rr.
287 3660 339 3720 21.
364 3658 489 3718 κλισίαν.
514 3659 562 3720 Bl.
588 3661 717 3721 dubitat
742 3676 784 3721 err
803 3662 849 3721 sit
866 3661 990 3722 κλίσιον.
1011 3660 1147 3722 Rectius
1165 3659 1304 3722 Dindorf
1321 3661 1354 3722 in
1367 3660 1537 3722 Thesauro

255 3759 300 3819 IV
322 3775 353 3836 p.
381 3762 467 3822 1653
492 3777 519 3823 s.
543 3778 574 3823 v.
600 3763 738 3837 requirit
760 3762 899 3823 κλεισίον·

213 3861 262 3922 iir.
293 3862 345 3940 24,
380 3863 410 3924 3.
445 3856 469 3942 γ’
504 3879 580 3924 cum
615 3864 663 3925 Bi.
696 3862 813 3926 abesse
848 3863 964 3925 malim
971 3909 979 3941 ,
1018 3865 1074 3938 qui
1109 3863 1225 3926 deinde
1263 3865 1358 3925 acute
1398 3862 1538 3924 coniecit

256 3954 343 4035 οὗτος
367 3997 408 4005 -
432 3963 524 4041 μόνος
554 3957 612 4025 oit’
648 3961 687 4037 ὥς
719 3963 785 4043 ἐμοὶ
815 3965 1079 4043 κεραννύναι,
1113 3965 1227 4026 dubito
1250 3968 1364 4026 tamen
1388 3979 1468 4026 num
1491 3964 1538 4024 ita

257 4065 343 4124 recte
366 4079 402 4125 se
426 4064 547 4127 hebeat
571 4063 618 4139 ὡς.
642 4067 754 4129 Possis
778 4068 913 4145 διψῶσα,
935 4066 1028 4145 μόνος
1056 4057 1142 4129 <εὖ>
1171 4059 1229 4127 οἶδ’
1260 4063 1325 4144 ἐμοὶ
1344 4065 1540 4147 κεραννύναι,

255 4165 311 4225 sed
334 4165 477 4227 fortasse
500 4167 582 4228 nihil
606 4184 729 4230 novare
752 4171 918 4244 praestat;
942 4167 1397 4250 urpdvvvrot=nepeivvoofiut
1421 4166 1538 4228 εἴωθεν.
1636 4179 1639 4185 ‘

215 4264 264 4326 Fr.
288 4266 340 4337 26,
366 4267 396 4327 3.
432 4265 473 4344 μὴ
506 4269 589 4344 φασί
618 4286 671 4347 σε,
690 4267 695 4348 Ι
717 4269 850 4348 Δωριάς,
887 4266 1034 4343 ἀλούτους
1064 4268 1174 4348 σηπίας
1205 4266 1433 4347 εἰληφέναι,
1467 4268 1537 4330 soil.

257 4361 322 4446 παρ’
358 4364 443 4446 ἐμοῦ.
473 4369 565 4432 Kock
595 4375 635 4432 de
666 4372 855 4433 coniectura
882 4387 944 4432 sue
975 4387 1045 4432 σου
1076 4372 1191 4448 edidit,
1223 4386 1322 4446 quern
1346 4371 1538 4448 genetivum

257 4483 370 4532 vereor
412 4473 449 4551 ut
485 4473 638 4547 exempla
677 4473 813 4534 Homeri
848 4475 882 4533 et
917 4473 1087 4548 Sophoclis
1118 4471 1292 4535 verborum
1325 4471 1464 4552 δέχεσθαι
1506 4473 1540 4532 et

255 4572 430 4648 κομίζεσθαι
456 4575 489 4634 in
519 4577 616 4650 poete
646 4575 772 4636 comico
804 4577 971 4652 tueantur,
1003 4578 1040 4635 ut
1072 4576 1205 4636 mittem
1235 4574 1320 4637 tales
1343 4577 1450 4651 pisces
1472 4589 1537 4636 em·

255 4673 342 4734 tores
362 4673 419 4734 vix
443 4677 637 4750 accepturos
660 4675 777 4754 fuisse,
798 4677 909 4751 itaque
933 4678 1049 4752 aptum
1069 4691 1135 4738 non
1154 4691 1229 4738 esse
1248 4674 1409 4756 εἰληφέναι.
1428 4676 1538 4738 Etiam

256 4773 365 4836 minue
398 4775 499 4851 probo
533 4775 811 4838 violentissimam
838 4777 1005 4852 Bleydesii
1032 4777 1257 4838 coniecturam
1282 4774 1482 4858 ιτεττρακέναι,
1505 4777 1539 4838 et

256 4875 335 4936 nihil
366 4876 564 4939 mutandum
595 4893 668 4940 esse
699 4878 816 4940 iudico.
843 4913 882 4923 -
907 4879 964 4940 Vs.
992 4880 1020 4940 7.
1052 4874 1230 4957 κατέδετοέρα
1259 4881 1348 4941 recte
1375 4878 1537 4953 sternere,

256 4977 317 5038 nisi
351 4977 437 5052 quod
467 4977 584 5039 malim
613 4971 800 5058 κατέδειᾶρα.
827 5013 867 5022 -
897 4979 955 5040 Vs.
991 4981 1041 5040 13.
1076 4977 1228 5040 κατέδεται
1258 4985 1328 5058 (pro
1358 4981 1538 5042 senissimo

255 5076 389 5156 λήψεται)
413 5077 653 5141 violentissime
676 5081 724 5142 Bl.
749 5097 810 5144 nec
834 5081 955 5143 melius
980 5097 1028 5142 ve.
1057 5082 1095 5142 17
1121 5079 1166 5141 dri
1192 5077 1220 5142 δ’
1247 5101 1305 5159 pro
1330 5081 1377 5141 καὶ
1404 5083 1475 5159 μέν.
1505 5085 1536 5142 in
