3748 5792
834 525 895 587 133

200 713 254 774 Fr.
278 715 353 775 305.
377 714 426 774 Bl.
460 709 510 774 ἐττλ
539 712 645 794 Σάρρα
676 729 733 790 pro
764 713 884 793 Σάρρα,
912 715 986 776 0011.
1016 715 1282 792 0011001943,
1316 718 1411 792 quasi
1443 732 1520 778 vero

247 814 329 875 baec
351 814 535 890 comparari
558 815 704 890 possint!

200 973 364 1042 clearchi
386 977 425 1038 fr.
450 978 480 1053 2,
506 978 536 1039 2.
571 975 690 1055 χόρταζε
719 978 844 1038 temere
875 978 923 1040 Bl.
955 993 1014 1053 pro
1045 977 1200 1057 βρόχθιζε,
1230 987 1291 1042 000
1322 981 1418 1042 valde
1442 980 1524 1040 mibi

248 1077 371 1138 arridet
394 1077 542 1139 eiusdem
565 1078 755 1140 coniectura
776 1076 942 1157 τερόσημον
967 1094 1025 1156 pro
1048 1079 1230 1159 τιερόσαρρον
1253 1095 1303 1142 vs.
1328 1083 1358 1142 3.

204 1237 371 1306 trudon
393 1241 433 1303 ir.
460 1242 488 1318 1,
514 1243 544 1304 ό.
569 1241 709 1316 Blaydos
732 1256 791 1317 pro
814 1241 1025 1320 ιταιόοριαθής,
1047 1241 1132 1316 quod
1155 1257 1275 1302 sanum
1295 1242 1435 1318 videtur,
1456 1256 1524 1316 pro·

249 1343 359 1418 posuit
380 1339 560 1420 anteponite
585 1343 683 1417 (quod
705 1343 868 1418 ineptum)
891 1344 948 1404 aut
971 1341 1147 1421 ταχιιμαθής
1165 1347 1288 1414 (serum
1307 1342 1526 1412 vocabulum).
1566 1357 1567 1360 ¹

253 1443 453 1521 Παιόαμωθής
472 1443 651 1519 opponitur
673 1453 712 1526 τῷ
737 1439 904 1521 όψιραθός.

204 1546 239 1607 F.
265 1547 295 1620 4,
323 1547 338 1605 l
363 1560 412 1619 sq.
437 1545 486 1606 Β1.
848 1544 960 1605 Θάσιον
983 1541 1059 1623 ἔγχει
1086 1555 1166 1622 (μοι
1188 1545 1303 1623 ταχύ>·

642 1641 759 1726 ἄλγος
782 1642 854 1725 γὰρ
877 1641 924 1723 ἤν
947 1666 1007 1722 μου
1029 1641 1086 1705 ειτέ.

251 1746 351 1808 Multo
381 1746 490 1809 leuius
520 1747 626 1824 Kook,
650 1746 707 1820 qui
736 1749 850 1808 tamen
875 1760 925 1807 vs.
951 1747 970 1806 3
995 1746 1053 1806 vix
1076 1749 1164 1808 recte
1187 1747 1340 1822 proponit
1361 1740 1444 1808 τοῦδ’
1469 1761 1527 1822 pro

248 1843 337 1926 τοῦτ’,
366 1848 442 1923 quia
469 1848 608 1909 atticum
633 1847 718 1909 toret
739 1847 856 1908 τούτου.
880 1849 932 1909 An
955 1841 1010 1908 τότ’
1032 1846 1127 1920 εὐθὺς
1152 1863 1229 1909 cum
1248 1847 1323 1910 Bt?
1353 1881 1393 1892 -
1418 1845 1474 1908 Vs.
1495 1848 1526 1909 3.

250 1950 335 2025 Lege
346 1948 551 2029 ρλ<γ>νεται
571 1948 643 2010 Non
655 1947 795 2010 debebat
806 1948 855 2011 Bl.
868 1949 1010 2010 otiosam
1024 1947 1161 2010 dorseni
1174 1949 1397 2010 coniecturam
1410 1947 1531 2028 γίνομαι

249 2051 396 2124 probare.
409 2083 451 2092 -
471 2048 528 2111 Vs.
549 2051 570 2110 4
590 2047 760 2128 ιατέβρεξεν
783 2051 841 2110 vix
866 2065 998 2112 sanum.
1023 2052 1109 2126 Apte
1132 2047 1299 2122 κατέδειξεν
1324 2049 1462 2112 coniecit
1478 2048 1527 2110 Bl.

210 2222 377 2291 Axionici
399 2226 439 2287 ir.
467 2228 495 2302 1,
544 2229 574 2286 4.
605 2225 651 2286 De
682 2239 759 2286 msa
788 2225 977 2286 coniectura
1006 2224 1133 2286 fallitur
1163 2224 1213 2286 Bl.
1244 2225 1296 2294 (ci.
1327 2223 1440 2300 Koolr),
1474 2223 1528 2298 qui

251 2325 413 2396 (mirabile
432 2327 520 2388 dictu
531 2329 550 2398 1)
575 2325 690 2388 scribit
714 2326 808 2402 „Ipse
831 2321 955 2404 ἐπέχω.”
976 2324 1064 2401 Quod
1084 2326 1214 2388 utinam
1234 2327 1366 2401 saepius
1386 2325 1528 2386 fecisset.

210 2428 260 2488 Fr.
286 2429 316 2489 2.
340 2428 514 2504 Ingeniosa
539 2428 719 2490 Headlam:
744 2425 796 2486 ἕνα.
810 2461 850 2472 -
866 2428 897 2486 Β.
918 2425 991 2487 αἴτει
1011 2427 1075 2498 (vel
1095 2425 1193 2498 αἰτοῦ)
1212 2424 1286 2504 πρὸς
1299 2420 1375 2503 (παρ’
1384 2427 1411 2495 ’1)
1430 2421 1531 2505 ἑτέρον

253 2528 317 2599 (vel
341 2526 472 2608 ἕταίρον)
497 2563 536 2574 -
562 2527 664 2606 κῶμόν
686 2549 777 2600 τινος.

212 2629 262 2690 Fr.
285 2630 316 2706 4,
343 2632 372 2692 i.
395 2626 477 2692 τοῦδ’
505 2634 593 2693 recte
617 2630 744 2707 Nauck,
769 2629 827 2691 sed
850 2629 923 2692 sine
947 2627 1139 2690 0000001οω
1159 2626 1529 2707 prooemiorum

252 2734 302 2792 est
331 2731 493 2812 παρεόντος
518 2748 566 2794 vs.
594 2733 648 2808 10,
672 2730 728 2792 ubi
751 2734 865 2792 tamen
887 2731 1035 2807 speciosa
1057 2727 1177 2809 ῥέοντας
1200 2731 1339 2793 coniecit
1361 2729 1463 2792 Kock.
1487 2761 1529 2770 -

252 2830 306 2894 Vs.
332 2834 362 2894 9.
395 2834 553 2910 Proposui
576 2832 741 2909 quondam
765 2839 826 2891 ιτᾶν
849 2835 906 2901 (sc.
931 2837 1027 2906 σῶμα)
1050 2847 1108 2908 pro
1130 2840 1195 2911 τῆς,
1224 2832 1282 2893 000
1305 2831 1530 2907 praeferebam

253 2942 303 3012 τῆς
328 2934 441 3006 Θασίας
464 2940 552 3006 (cum
574 2934 707 3010 Kocirio,
732 2933 883 3008 quisine
906 2948 1007 2995 causa
1029 2941 1080 3010 τῆς
1100 2935 1211 2995 mutat
1228 2934 1262 2994 in
1281 2937 1362 3006 τοῖς).
1381 2933 1418 2994 10
1431 2932 1529 2994 Athe·

254 3036 327 3097 naai
355 3035 427 3097 loco
457 3036 597 3098 tortasse
621 3035 1062 3115 commemoraverim,
1087 3051 1233 3112 proquo
1257 3037 1389 3110 propter
1413 3049 1461 3095 vs.
1489 3034 1528 3094 15

254 3139 449 3212 expectatur
471 3141 681 3213 συκοφαντεῖν.

212 3237 261 3300 Fr.
286 3240 316 3314 6,
342 3241 373 3302 6.
405 3239 467 3300 Pro
498 3236 652 3300 ἐλυσιτέλει
681 3237 754 3318 γάρ,
777 3253 860 3312 quae
885 3238 983 3300 verba
1005 3239 1114 3300 labem
1140 3241 1358 3314 susceperunt
1381 3253 1424 3298 ex
1449 3239 1531 3296 λυτι-

253 3333 328 3411 τελὲς
358 3353 408 3401 vs.
433 3341 463 3416 8,
494 3341 698 3402 sententiam
725 3339 894 3416 postulare
923 3337 1134 3420 όιειιαρτέρησα
1164 3335 1191 3400 d'
1225 3343 1283 3402 aut
1313 3339 1423 3400 simile
1454 3337 1530 3412 quid

255 3440 334 3501 olim
357 3442 483 3503 monui.

214 3541 261 3602 ir.
286 3544 315 3603 8.
985 3541 1084 3621 ζωμὸν
1107 3551 1184 3605 ποιῶ

452 3642 568 3722 θερμόν
591 3641 683 3722 ἰχθὺν
705 3639 952 3722 ἐπαναπλάττων,
975 3640 1130 3725 ἡμίβρωτα
1152 3643 1281 3722 λείψανα

454 3743 620 3820 συντιθείς,
643 3765 903 3820 οεοντατανιο,
925 3740 1013 3824 ἔντερ’
1040 3741 1089 3805 ἆλ1
1112 3742 1161 3805 καλ
1186 3744 1294 3828 σιλφίῳ

454 3844 644 3922 σφενδονῶν,
670 3841 801 3904 ἀλλᾶντα
823 3841 962 3921 τέμνω(ν)
985 3841 1042 3904 κτέ.

255 3945 340 4007 Satis
367 3961 492 4022 nequeo
519 3947 633 4008 mirari
657 3963 705 4008 vs.
730 3947 767 4023 3,
798 3944 1031 4023 plaudentibus
1054 3949 1092 4007 ut
1114 3947 1244 4009 videtur
1267 3945 1436 4024 omnibus,
1462 3948 1532 4006 tan·

256 4061 353 4122 quam
385 4047 609 4110 certissimam
627 4050 795 4125 receptam
827 4063 901 4108 esse
931 4048 1137 4122 ingeniosam
1169 4062 1249 4109 sane
1284 4047 1427 4123 temporit
1460 4061 1532 4108 con·

256 4147 416 4209 iacturam
450 4147 522 4234 αόνῳ
556 4148 740 4226 διαίνων,
774 4163 838 4223 qua
872 4151 987 4210 tamen
1018 4149 1143 4210 comico
1174 4149 1362 4211 obtruditur
1396 4147 1532 4210 verbum

255 4248 469 4313 Homericum
498 4253 533 4313 01
562 4250 739 4328 tragicum,
771 4266 828 4326 pro
855 4265 919 4325 quo
941 4251 1006 4326 ipsi
1029 4250 1251 4312 Athenienses
1275 4251 1375 4312 όεόειν
1398 4263 1532 4325 usurpa·

255 4349 344 4414 bant.
370 4351 486 4413 Procul
508 4351 604 4413 dubio
628 4350 790 4414 Axionico
813 4352 1034 4414 reddendum:

578 4449 731 4526 σοντιθελς
754 4453 849 4539 οἴνῳ
873 4474 910 4514 τε
934 4451 1083 4533 ῥαίνων
1106 4451 1162 4514 κτλ.

255 4553 326 4614 0011.
350 4553 551 4629 Antlphanis
574 4555 614 4616 fr.
639 4556 714 4632 217,
743 4557 781 4616 12
806 4559 876 4628 ταῖς
901 4549 929 4616 i’
955 4552 1138 4633 tabernario)
1161 4555 1263 4636 ῥανῶν
1283 4549 1287 4638 λ
1309 4552 1369 4628 ὄξει
1396 4556 1534 4630 (pisces).

255 4655 396 4731 Emperii
427 4655 614 4719 coniectura
644 4659 747 4720 etiam
777 4673 816 4718 eo
847 4658 982 4719 nomine
1013 4657 1136 4719 vitiosa
1165 4659 1230 4735 est,
1262 4656 1348 4732 quod
1372 4656 1420 4718 110
1443 4653 1536 4716 ἀσυν-

256 4753 344 4828 όέτως
375 4757 555 4831 iunguntur
590 4773 672 4833 quae
703 4758 744 4819 ad
779 4759 917 4820 eandem
949 4774 1021 4820 rem
1050 4760 1227 4835 pertinent.
1259 4759 1299 4819 ut
1330 4759 1404 4820 vide
1436 4773 1534 4832 qnam

260 4862 351 4924 raone
387 4863 571 4924 ornares
605 4847 740 4925 rarus}
772 4864 806 4924 in
838 4864 1113 4923 orourarrnm
1143 4866 1234 4927 abire
1265 4865 1423 4942 potuerit,
1460 4878 1536 4926 cum

255 4965 452 5039 praesertim
477 4967 505 5024 Ε
526 4968 560 5028 01
583 4967 632 5026 ΑΙ
653 4969 783 5042 propter
811 4981 923 5027 seram
952 4967 1257 5042 pronuntiationem
1281 4968 1438 5043 perpetuo
1463 4981 1536 5028 oon·

260 5065 437 5130 tundantur
466 5068 662 5131 alibrariis.
689 5102 728 5114 —
753 5066 809 5129 Vs.
834 5069 865 5130 6.
889 5065 944 5145 τήν
967 5065 1060 5130 ἕωλον
1083 5064 1198 5147 ἡμέραν
1221 5070 1392 5144 repotia
1416 5065 1535 5143 signid-
