3778 5796
861 517 902 574 47

215 701 273 760 Fr.
299 702 374 762 583.
577 701 628 762 ἴνα
650 703 781 776 ξυνῶσιν
806 697 885 787 ᾧπερ
908 703 1044 782 ἥδεσθον
1068 703 1139 789 βίῳ,

577 803 730 882 σκώληκας
754 802 890 866 ἕσθίοντε
913 803 964 866 καὶ
987 805 1244 886 μυλακρίδας.

264 903 362 965 ldiror
380 905 556 981 Kockium,
577 921 675 980 quem
694 907 840 968 advertit
859 907 978 968 vitium
996 908 1186 985 metricum,
1207 925 1274 970 non
1294 910 1417 971 vidisse
1429 915 1545 985 poetae

265 1006 465 1066 reddendum
500 1021 573 1068 esse
603 1007 848 1069 deminutivum
879 1008 1134 1086 persuptilem,
1164 997 1239 1071 sive
1260 1010 1348 1072 idem
1372 1013 1544 1073 restituen-

265 1107 345 1168 dum
363 1109 408 1169 sit
427 1107 551 1169 Polluci
570 1109 642 1170 sive
654 1124 719 1170 non
733 1111 787 1170 sit.
812 1111 850 1170 In
871 1111 990 1172 ceteris
1003 1110 1119 1171 loricis
1138 1111 1235 1173 iuxta
1253 1112 1404 1190 μυλακρός
1425 1115 1546 1176 citatur

265 1207 407 1288 μνλαγρίς
440 1213 474 1270 et
507 1209 668 1288 μυλαβρίς,
701 1227 841 1285 quarum
875 1212 1060 1273 formarum
1095 1212 1151 1272 illa
1186 1217 1237 1275 est
1268 1217 1545 1289 pronuntiationis

266 1311 410 1371 varietas
433 1314 471 1372 ut
492 1307 653 1391 ιἰγρόπολις
677 1314 754 1388 eto,
779 1313 861 1374 haec
884 1313 1079 1389 corruptela.

217 1411 273 1472 Fr.
299 1413 373 1485 585,
401 1414 429 1474 1.
464 1408 570 1472 ιὲιιναν
599 1413 633 1473 in
664 1413 798 1489 parodia
828 1414 1027 1489 productum
1057 1416 1251 1490 utAntiph.
1276 1417 1544 1495 11198;Eupol.

266 1515 383 1576 1147?
409 1518 443 1576 et
469 1514 589 1592 Κύπριν
611 1515 727 1577 Εοουλ.
753 1517 805 1590 ei,
831 1517 861 1576 8.
887 1514 932 1576 Oi.
957 1515 1054 1592 Vesp.
1083 1518 1167 1578 1519
1193 1517 1273 1588 (Bt).

216 1616 272 1677 Fr.
298 1617 373 1677 589.
408 1617 446 1677 In
480 1617 668 1692 fragmento
699 1631 719 1676 a
749 1632 803 1678 me
834 1619 940 1693 primo
972 1618 1061 1679 edito
1093 1618 1185 1680 Stud.
1217 1621 1545 1697 crit.95,1procul

265 1718 363 1779 dubio
393 1719 623 1794 corrigendum
654 1721 706 1780 est
736 1714 776 1790 ὡς
800 1719 1014 1798 Ἀριστοφάνης
1042 1718 1164 1796 φησίν
1188 1737 1246 1796 pro
1269 1721 1438 1798 Σφηξίν,
1460 1724 1545 1796 quod

266 1834 326 1880 neo
348 1835 402 1880 me
421 1819 531 1895 ipsum
551 1822 630 1880 tunc
649 1835 710 1880 nec
728 1823 857 1897 postea,
878 1821 963 1894 quod
983 1821 1102 1896 sciam,
1123 1836 1324 1896 quemquam
1336 1825 1547 1901 perspexisse

265 1923 415 1996 impense
436 1923 549 1983 miror.
573 1921 804 1982 Infelicissime
827 1923 920 1983 Koolr
944 1923 1083 1984 coniecit
1096 1917 1273 2002 Ἔρωσιν.

220 2023 273 2083 Fr.
298 2023 373 2084 590.
404 2019 577 2102 ἀμυγδαλάς
601 2056 643 2064 -
668 2022 806 2095 κάταξον.
841 2023 887 2085 (tf.
920 2025 1042 2099 Phryn.
1063 2025 1095 2083 ΙΙ
1119 2025 1183 2085 603
1215 2021 1391 2104 ἀμυγδαλῆν
1417 2026 1546 2100 κάταξον

266 2127 299 2186 et
322 2123 500 2204 ἀμυγδάλην
522 2126 643 2200 Phryn.
668 2125 720 2186 80.
744 2125 791 2186 De
814 2129 952 2187 accentu
978 2127 1046 2186 iam
1070 2127 1256 2200 antiquitus
1278 2142 1344 2187 non
1362 2130 1546 2190 constabat.

266 2227 338 2289 Vid.
361 2228 480 2290 Athon.
500 2228 532 2288 II
545 2229 587 2289 59
600 2228 635 2288 F.
659 2228 836 2289 Herodian.
858 2229 964 2304 1321,
979 2229 1031 2288 32.
1053 2229 1165 2288 Lenta.
1188 2228 1278 2290 Haec
1297 2229 1448 2304 Blaydes.
1469 2231 1546 2291 Sua·

265 2329 341 2390 dere
360 2330 489 2390 videtur
501 2329 653 2404 analogia
665 2332 703 2390 ut
714 2325 871 2409 ἀμυγδάλαι
884 2330 1049 2390 scribatur
1059 2329 1200 2405 fructus,
1214 2326 1371 2409 ἀμυγδαλῆ
1384 2332 1488 2392 arbor.
1505 2365 1542 2373 -

265 2429 317 2490 Ad
341 2429 469 2502 κάταξον
500 2430 539 2491 cf.
564 2429 820 2507 καρυοκατάκτης,
842 2430 928 2505 quod
952 2431 1214 2491 instrumentum
1237 2430 1468 2512 μουκηροβαγόρ
1493 2432 1544 2492 vel

266 2530 562 2610 povappoddmglit
586 2531 797 2608 appellabant
819 2533 975 2593 Lacones.
1005 2530 1051 2592 cf.
1076 2531 1219 2606 Hesych.
1240 2547 1266 2594 s.
1292 2548 1321 2593 v.
1390 2531 1392 2534 ’

223 2633 277 2694 Fr.
298 2633 374 2694 591.
947 2631 1001 2710 τὴν
1023 2633 1147 2712 χύτραν,

584 2733 617 2794 ἓν
639 2728 659 2818 ᾖ
682 2732 725 2794 τά
748 2729 857 2814 κρεάδι’
880 2726 957 2813 cintae
982 2731 1177 2812 ἕξωμευμὲνα.

268 2837 359 2898 Kock
381 2827 442 2915 ἧψε
463 2834 682 2915 τάξωμευμένα.
706 2839 819 2900 Possis
843 2840 946 2900 etiam
965 2835 998 2898 ἐν
1020 2831 1040 2922 ᾖ
1063 2859 1102 2918 γε
1122 2837 1186 2910 (vel
1209 2835 1264 2908 σὺ)
1286 2870 1325 2880 -
1350 2833 1545 2916 {improprium

220 2937 274 2998 Fr.
300 2939 374 2999 596.
406 2939 508 3000 Multo
538 2939 694 3002 audacius
724 2941 917 3002 Timotheus
948 2941 986 3001 fr.
1020 2941 1061 3000 22
1096 2940 1146 3000 ed.
1181 2938 1367 3000 Wilamow.
1404 2938 1545 3014 clipeum

268 3041 399 3101 vocavit
415 3037 524 3118 ’Ἀρεως
547 3040 670 3118 φιάλην.

221 3143 274 3202 Fr.
306 3143 381 3204 598.
416 3142 548 3203 Erravit
582 3142 692 3218 Koclr3
733 3139 863 3218 λέλαφας
898 3146 950 3203 est
990 3142 1149 3216 Hesyohll
1183 3141 1297 3216 lectio,
1334 3157 1434 3215 quam
1469 3139 1546 3204 erite

267 3242 425 3304 Cobetum
448 3243 555 3320 Bergk
578 3260 635 3319 pro
658 3240 772 3319 λέμφας
795 3244 935 3306 reddidit
958 3243 1089 3320 Photio,
1114 3245 1151 3303 ut
1173 3242 1303 3302 monuit
1323 3242 1445 3303 Nauck.

128 3423 138 3432 ι
224 3345 274 3404 Pr.
299 3346 374 3406 807.
398 3345 447 3405 Bl.
472 3345 527 3405 cit.
553 3345 733 3421 Sophronis
757 3346 796 3406 fr.
822 3347 875 3407 34.

222 3445 273 3507 Fr.
305 3447 380 3507 612.
415 3445 631 3507 probabiliter
665 3446 714 3507 Bi.
747 3443 881 3506 ἐνταῦθα
920 3443 958 3524 δι’]
993 3443 1085 3508 <τὸ>
1119 3442 1281 3522 παιδάριον
1320 3441 1545 3521 [εξ]αὑαίνεται,

266 3548 347 3608 citet
380 3548 469 3608 enim
499 3548 617 3607 Suidas
651 3563 677 3608 s.
702 3563 733 3609 v.
769 3545 931 3607 αὑαίνεπιιι.
965 3547 1104 3608 Formae
1135 3543 1209 3616 αὖός
1239 3547 1272 3605 et
1302 3541 1440 3604 αὑαίνειν
1470 3561 1546 3606 cum

266 3649 385 3722 spiritu
407 3663 523 3724 aspero
546 3648 665 3722 ubique
689 3648 872 3710 reddendae
895 3651 975 3710 sunt
998 3647 1175 3710 veteribus.
1200 3645 1247 3708 Of.
1271 3642 1463 3721 ἀφαυαίνειν.

221 3748 274 3808 Fr.
299 3749 374 3810 614.
411 3749 564 3823 Speciosa
597 3748 701 3811 idem:
736 3747 791 3827 τὴν
815 3749 937 3830 φάρυγα
972 3747 1112 3828 μηλάσας
1147 3741 1197 3808 δύ’
1235 3743 1377 3824 ἐξεμέσοις
1415 3748 1546 3827 δραχμάς

267 3853 321 3920 (an
344 3849 460 3928 δραχμά
468 3851 504 3922 i).

223 3949 274 4009 Pr.
299 3951 374 4011 615.
398 3951 461 4011 Pro
484 3951 643 4029 συλλαβεῖν
670 3967 724 4013 me
748 3954 984 4027 proponentem
1011 3950 1174 4029 συμβαλεῖν
1205 3953 1278 4019 (me
1302 3948 1545 4011 intellectu·

267 4055 370 4121 rum)
394 4051 567 4127 impugnat
588 4051 637 4113 Bi.
662 4055 739 4129 post
762 4052 854 4113 Koclr
877 4053 925 4112 III
944 4067 974 4127 p.
997 4052 1071 4112 723.
1102 4050 1188 4110 Vera
1211 4051 1324 4109 tamen
1344 4064 1418 4110 esse
1437 4053 1547 4126 potest

268 4151 468 4228 coniectura,
492 4151 589 4212 modo
620 4153 877 4228 interpretemur
900 4166 961 4212 me
990 4151 1295 4212 coniecturum.
1318 4143 1546 4228 *Τπίσχομαιε

268 4249 468 4331 ὑπισχνοῦμαι
484 4253 644 4314 adversus
663 4254 827 4315 Kockium
847 4254 896 4314 Bl.
920 4256 957 4314 ut
976 4254 1116 4314 atticum
1136 4255 1248 4312 tuetur
1268 4252 1339 4312 coll.
1360 4251 1547 4331 προσίσχεται

267 4356 323 4416 Ατ.
352 4355 399 4416 Pl.
433 4355 533 4432 1098,
569 4370 630 4416 nec
658 4358 773 4416 tamen
804 4355 1045 4416 dubitationem
1073 4353 1210 4428 evertlt;
1242 4368 1320 4413 nam
1352 4352 1444 4432 ἴσχειν
1471 4369 1546 4414 cum

267 4456 459 4530 compositis
489 4470 546 4530 pro
580 4453 655 4534 ἔχειν
684 4457 806 4518 Atticis
830 4457 913 4517 satis
936 4455 1116 4517 familiaria
1138 4455 1230 4529 sunt,
1255 4454 1313 4515 sed
1336 4456 1409 4529 quis
1432 4471 1546 4517 eorum

266 4571 426 4630 umquam
460 4555 610 4633 populari
643 4571 796 4618 sermone
826 4557 860 4618 in
891 4558 1061 4618 Praesenti
1091 4555 1177 4616 dixit
1207 4552 1352 4633 ὑπέχαμαι
1383 4558 1455 4618 slve
1478 4554 1547 4616 ὑπλ

266 4671 372 4734 σχσμαι
390 4673 447 4732 pro
470 4655 697 4738 ὑπισχνοῦμαι9
725 4659 759 4718 Si
783 4659 885 4734 igitur
907 4660 1006 4719 homo
1030 4657 1153 4718 atticus
1177 4656 1230 4718 hic
1252 4657 1405 4735 loquitur,
1430 4658 1546 4720 admit·

267 4758 367 4819 tenda
390 4762 442 4820 est
464 4761 599 4835 parodia
621 4762 693 4822 sive
715 4760 979 4838 paratragoedia,
1005 4759 1077 4820 coll.
1102 4758 1221 4820 Aesch.
1245 4759 1383 4821 Eumen.
1408 4761 1484 4822 804.

225 4859 274 4920 Pr.
298 4861 373 4922 819.
397 4860 569 4940 γραμμήε
581 4861 687 4941 βαλβλς
707 4877 795 4940 esse,
817 4861 889 4924 coll.
910 4862 991 4923 Ach.
1005 4861 1081 4938 483,
1095 4859 1172 4920 olim
1187 4861 1302 4921 monui
1312 4863 1346 4922 et
1358 4875 1546 4922 sermonem

266 4963 319 5024 hic
342 4979 415 5025 esse
439 4964 478 5024 de
502 4966 632 5025 oratore
654 4965 757 5025 verba
778 4965 917 5026 facturo.
945 4963 1009 5025 Gur
1032 4965 1179 5039 praestet
1201 4961 1330 5041 χώρει,
1360 4962 1445 5037 quod
1474 4977 1546 5022 cou-

268 5065 343 5125 ieclt
366 5063 432 5146 Bt,
456 5079 522 5126 non
545 5066 718 5142 perspicio.
