3718 5788
974 475 1035 536 168

388 663 443 722 cst.
467 663 628 738 Theophr.
653 663 747 724 Char.
771 664 846 724 XVI
869 660 926 722 κᾶν
950 666 1076 742 γλαῦκες
1099 659 1318 742 ἀνακράγινσιν.
1341 697 1378 706 -
1401 662 1456 722 Vs,
1477 664 1528 722 13.
1548 660 1662 734 φθόνοι

387 779 445 838 pro
469 761 556 840 νόμοι
578 765 788 839 probabiliter
811 767 844 827 F.
858 765 891 827 C.
906 764 1071 839 Schmidt;
1095 763 1202 842 φόβοι,
1220 768 1304 839 quod
1324 764 1476 842 proponit
1495 763 1556 836 Bl,
1578 762 1663 822 male

387 865 568 926 abundaret
590 868 666 940 post
687 863 820 944 ἀγονίαι.
845 866 1035 942 Suspicione
1067 866 1208 927 tortasse
1238 881 1303 927 non
1334 866 1431 942 plane
1454 868 1543 925 caret
1567 863 1665 934 δόξαν,

387 967 443 1026 aed
468 967 525 1027 vix
548 968 701 1041 cuiquam
724 968 935 1043 persuadebit
954 968 1003 1028 Bl.
1023 969 1055 1028 id
1076 971 1264 1043 corruptum
1285 985 1360 1030 esse
1380 985 1422 1030 ex
1441 967 1565 1044 φθόνοι.
1586 964 1665 1026 Vide

388 1081 467 1126 num
493 1067 725 1143 explicandum
748 1072 792 1130 sit
817 1085 950 1132 vanae
972 1084 1111 1130 rerum
1135 1071 1313 1144 species.

344 1168 394 1228 Fr.
419 1169 493 1244 535,
519 1170 549 1228 2.
585 1169 666 1230 Cum
702 1171 894 1232 Richardsio
928 1170 1043 1231 malim
1081 1168 1156 1248 πρὸς
1186 1176 1249 1242 ταῖς
1280 1169 1398 1244 πέτραις
1428 1169 1580 1249 γράφουσι
1614 1167 1665 1227 τὸν

388 1265 570 1346 Προμηθέα,
592 1271 647 1344 qui
671 1271 868 1333 modulatior
892 1285 1008 1332 versus
1031 1275 1093 1332 est.
1114 1304 1153 1315 -
1174 1271 1230 1332 νε.
1256 1274 1285 1333 3.
1318 1273 1403 1348 Lege
1426 1265 1610 1351 pierwez&
1624 1303 1663 1312 -

387 1368 442 1430 νε.
468 1371 498 1430 4.
522 1371 697 1446 Perperam
721 1373 770 1433 Bi.
795 1371 887 1432 αόιόν
910 1368 942 1433 dt
966 1376 1071 1449 μισεῖν.
1096 1373 1218 1433 Sanum
1244 1373 1404 1448 estquod
1434 1373 1599 1448 vulgatur.
1623 1404 1665 1412 -

388 1470 443 1531 νε.
476 1474 506 1534 6.
539 1473 599 1533 Pro
626 1471 717 1546 ἔθνος
746 1475 858 1535 Nauck
882 1475 936 1535 hic
959 1477 993 1535 et
1017 1475 1197 1550 Antiphan.
1221 1474 1260 1535 fr.
1290 1477 1424 1549 159,11
1453 1471 1538 1554 γένος
1562 1474 1665 1546 requi·

386 1573 439 1632 rit.
464 1605 502 1615 -
524 1574 577 1635 νε.
603 1577 622 1636 6
646 1591 693 1650 sq.
720 1591 828 1637 meam
852 1577 1091 1652 coniecturam,
1113 1591 1195 1650 quae
1219 1576 1392 1651 Blaydesio
1414 1591 1480 1636 non
1504 1574 1666 1650 displicet,

386 1677 501 1748 postea
524 1676 668 1752 delendi,
689 1679 884 1752 impugnata
906 1678 1088 1752 Kookiana‚
1113 1679 1146 1738 in
1167 1693 1231 1752 qua
1250 1679 1370 1754 λα’θριοι
1391 1681 1424 1739 et
1446 1675 1539 1734 κακοί
1556 1677 1669 1750 inepta

387 1775 589 1838 abundantia
607 1778 759 1839 dicuntur
771 1776 941 1858 ἐπιβουλαὶ,
953 1781 1072 1855 quippe
1085 1795 1168 1854 quae
1184 1782 1301 1855 suapte
1312 1783 1432 1840 natura
1445 1777 1670 1839 clandestinae

388 1881 421 1938 et
439 1878 548 1940 malae
572 1879 649 1940 sint.
674 1879 794 1942 Contra
818 1882 941 1942 tradita
963 1881 1060 1942 lectio
1081 1879 1240 1957 ἐπιθυμίαι
1263 1880 1367 1954 κακαί,
1384 1879 1503 1953 quibus
1521 1877 1671 1951 indulget

388 1994 480 2054 uxor,
513 1980 690 2042 manifeste
720 1997 803 2042 sana
832 1988 893 2044 est.
921 2016 960 2023 -
986 1982 1043 2043 Vs.
1075 1983 1106 2043 8.
1138 1982 1316 2057 Eleganter
1347 1981 1457 2041 Nauck
1481 1978 1618 2062 γαμηλίῳ
1641 1998 1670 2036 ιε

386 2079 488 2157 μοιχὸς
519 2079 675 2159 ἐντρυφῶν
702 2081 783 2162 λέχει.
808 2085 920 2146 Possis
944 2086 1045 2145 etiam
1068 2082 1142 2162 λέχει
1164 2105 1194 2143 τε
1216 2081 1319 2162 μοιχὸς
1346 2080 1501 2158 ἐντρυφῶν
1523 2078 1669 2162 γαμηλίῳ.

387 2183 474 2243 Nihil
498 2186 610 2246 tamen
635 2199 759 2246 novare
783 2187 902 2248 ausim.
918 2221 956 2230 -
977 2186 1033 2246 νε.
1062 2186 1112 2246 10.
1136 2184 1255 2260 φθόνος
1277 2199 1343 2245 non
1366 2183 1568 2244 mutaverim
1593 2196 1668 2241 cum

387 2283 511 2344 Koclrio
535 2286 569 2345 in
592 2285 703 2365 φόβος,
725 2288 831 2348 multo
854 2289 943 2348 enim
967 2287 1103 2362 gravius
1126 2287 1247 2347 marito
1267 2289 1319 2346 est
1338 2285 1451 2345 uxoris
1469 2283 1670 2344 invidiosum

388 2400 486 2458 quam
520 2381 772 2449 formidolosum
804 2389 990 2464 ingenium,
1023 2403 1083 2450 nee
1115 2388 1355 2464 neglegendum
1380 2389 1431 2447 est
1453 2385 1535 2446 haec
1557 2383 1671 2444 omnia

387 2487 493 2548 dicere
517 2503 647 2548 osorem
671 2491 860 2551 mulierum.

346 2587 397 2647 Fr.
423 2589 499 2664 536,
525 2591 555 2649 ὅ.
588 2587 757 2668 ε’ξὲρριψεν,
786 2591 856 2652 scil.
889 2599 940 2668 τῆς
971 2591 1045 2662 νεώς
1069 2590 1121 2652 vel
1145 2589 1199 2667 τὴν
1221 2599 1300 2650 ναῦν
1323 2588 1364 2661 εἰς
1387 2585 1441 2664 τὴν
1463 2593 1521 2666 γῆν
1544 2587 1671 2646 frustra

387 2691 531 2765 explicet
549 2691 653 2766 Koclr‚
678 2707 756 2752 nam
776 2693 815 2753 de
834 2692 989 2768 periculis
1008 2691 1187 2754 maritimis
1206 2693 1315 2766 agitur
1331 2689 1464 2750 demum
1485 2687 1518 2746 in
1531 2701 1669 2761 sequen·

388 2790 486 2851 tibus.
519 2789 624 2866 Quare
655 2807 737 2867 quae
768 2792 921 2868 proposui
952 2793 1033 2854 olim
1064 2793 1210 2853 nondum
1243 2792 1387 2868 repudio.
1414 2825 1452 2836 -
1482 2789 1533 2849 Vs.
1560 2791 1592 2850 6.
1613 2782 1671 2846 ’σοι

388 2891 517 2968 ιιιοομός
542 2893 590 2953 Bl.
616 2895 686 2954 Non
712 2896 806 2957 video
830 2896 1076 2957 necessitatem.

343 2995 394 3054 Fr.
408 2995 482 3068 537,
500 2998 527 3055 1.
542 2997 733 3056 Necessaria
752 2999 804 3057 est
821 2996 959 3058 Dobraei
979 2997 1150 3073 correctio,
1165 2996 1301 3072 probata
1313 2995 1413 3058 etiarn
1427 2995 1613 3070 Bloydesio.
1634 3025 1670 3034 -

386 3096 441 3156 νε.
467 3097 496 3156 8.
532 3097 671 3156 όιιοοιαί
695 3097 927 3174 depravatum,
965 3099 1023 3159 sed
1054 3100 1182 3160 incerta
1212 3099 1387 3172 correctio;
1420 3099 1490 3173 ipse
1520 3097 1673 3171 suspicor

387 3196 483 3272 pltat,
503 3191 533 3256 ’ν
556 3198 705 3258 δίναισι
729 3199 874 3277 μάρτυρες
898 3200 1010 3275 potius
1035 3216 1133 3275 quam
1158 3201 1256 3278 φίλοι,
1277 3203 1485 3280 γυναῖκες,
1506 3196 1671 3276 μάρτυρες,

387 3302 444 3359 aut
467 3302 500 3360 et
523 3315 621 3374 quam
645 3306 732 3372 (cum
756 3301 892 3372 Kockiol
916 3306 1124 3361 θιαοιειαι.

342 3401 393 3460 Fr.
419 3401 493 3461 538.
530 3401 599 3462 Non
630 3403 797 3463 Menandri
828 3419 916 3484 esse,
948 3404 1005 3464 sed
1030 3405 1146 3479 tragici
1179 3409 1236 3465 aut
1264 3405 1464 3479 tragicorum
1489 3401 1671 3462 imitatoris

387 3502 473 3562 huno
502 3502 610 3564 locum
643 3503 722 3564 olim
750 3505 852 3565 statui
877 3508 911 3566 et
934 3505 1030 3566 hodie
1054 3506 1158 3566 liabeo
1182 3505 1456 3581 persuassimum.
1482 3503 1559 3579 Quis
1586 3519 1616 3562 v.
1642 3519 1670 3562 c.

387 3605 533 3665 comicus
563 3605 624 3666 hoc
651 3620 750 3666 sensu
774 3607 949 3681 usurpavit
972 3607 1110 3666 verbum
1135 3603 1298 3683 ἕοαριεῖνὶ)
1322 3606 1449 3666 Mecum
1473 3603 1567 3682 μόρον
1592 3603 1669 3663 scri·

387 3706 528 3766 bendum
564 3709 658 3780 putat
692 3708 740 3767 Bl.
773 3709 830 3768 aut
864 3712 984 3782 θανεῖν,
1015 3709 1099 3782 quod
1131 3723 1195 3782 quo
1226 3711 1321 3783 pacto
1351 3707 1385 3766 in
1416 3705 1521 3784 χρόνος
1544 3705 1670 3765 mutari

386 3807 530 3880 potuerit
560 3823 626 3869 non
657 3811 790 3882 exputo.
823 3810 933 3869 Possit
964 3810 1066 3870 etiam
1098 3811 1237 3884 cogitari
1267 3810 1307 3870 de
1330 3807 1460 3886 φθόρον.
1485 3809 1518 3868 Si
1541 3807 1670 3881 antiqui

386 3911 502 3984 poetae
527 3925 642 3970 versus
665 3912 757 3986 sunt,
783 3925 832 3970 vs.
857 3913 876 3970 9
901 3911 1032 3985 legatur
1055 3909 1273 3990 γί<γ>νωσια

342 4011 393 4070 Fr.
419 4011 493 4085 539,
522 4012 549 4070 l.
582 4011 668 4071 Olim
700 4011 884 4086 improbavi
914 4011 1030 4072 Koolrii
1059 4014 1283 4079 coniecturam
1307 4007 1482 4082 παιδευθεὶς
1506 4025 1563 4085 pro
1586 4024 1669 4070 sano

387 4108 564 4187 βουληθείς,
594 4126 654 4171 nec
685 4111 781 4172 aliter
811 4111 934 4172 iudicat
957 4111 1021 4188 Bl.,
1054 4113 1109 4187 qui
1141 4115 1231 4173 reete
1255 4111 1505 4187 animadvertit,
1534 4112 1581 4170 ita
1602 4125 1669 4171 non

386 4227 469 4286 opus
491 4213 594 4272 tuisse
617 4212 779 4288 particula
801 4209 848 4272 όν.
872 4213 934 4274 cn.
960 4230 1042 4275 com.
1067 4229 1163 4275 anon.
1189 4213 1233 4273 IV
1257 4216 1332 4275 689.
1357 4248 1394 4258 -
1421 4213 1476 4274 νε.
1498 4216 1529 4273 4.
1550 4210 1673 4291 ὑγιανεῖ

324 4351 335 4367 .
387 4314 571 4374 rectissime
594 4315 764 4376 Richards.
790 4315 836 4376 Ol.
862 4316 964 4376 etiam
988 4314 1150 4392 λυπήσεται
1174 4331 1222 4376 νε.
1248 4321 1278 4377 6.

343 4415 394 4476 Fr.
421 4416 496 4490 540,
522 4419 551 4476 6.
577 4417 626 4477 Bl.
650 4414 812 4476 κάσθενεῖν
835 4414 881 4477 ἀεὶ
905 4422 988 4477 ποιεῖ
1007 4419 1067 4494 Bt,
1094 4418 1272 4479 violentius
1296 4433 1395 4492 quam
1420 4417 1521 4478 Koclt.

343 4517 393 4576 Fr.
419 4519 493 4592 541,
520 4519 549 4577 2.
583 4517 840 4593 „Corrigendum
872 4518 984 4595 procul
1014 4520 1157 4590 dubioll)
1187 4521 1363 4598 φλυαρεῖς”.
1396 4520 1443 4580 Bl.
1476 4519 1570 4580 Haud
1598 4519 1667 4578 vidi

386 4617 510 4693 magist
526 4651 566 4659 —-
582 4619 636 4680 Vs.
653 4624 681 4682 7.
702 4620 794 4681 Idem
815 4621 915 4700 καιρία
932 4616 1009 4680 ’σοιν
1029 4617 1048 4698 ἡ
1069 4622 1158 4694 νόσος
1179 4615 1183 4702 l
1204 4629 1316 4700 ψυχῆς,
1337 4622 1477 4684 haerens
1496 4625 1609 4682 tamen
1631 4621 1666 4680 in

386 4729 486 4799 ψυχῆς
515 4723 621 4797 posito
651 4725 723 4784 sine
754 4724 902 4785 articulo.
935 4724 1023 4800 Quae
1053 4723 1231 4786 difficultas
1261 4727 1473 4786 evanesceret
1495 4723 1666 4785 scribendo

386 4822 488 4901 καιρία
507 4816 578 4882 ’στι
602 4823 647 4901 δὴ
671 4823 759 4896 νόσος
782 4834 895 4903 ψυχῆς,
914 4826 973 4886 sed
993 4841 1099 4900 neque
1121 4827 1182 4887 hoc
1205 4843 1311 4900 neque
1331 4825 1433 4904 καιρός
1454 4823 1512 4884 ἔστι
1533 4823 1667 4901 (1ὴωίὴὶ

386 4925 562 5002 satisfacit,
598 4929 632 4986 et
666 4925 753 4986 aliud
787 4926 908 5008 legisse
945 4927 1159 4989 Plutarchum
1195 4929 1289 4990 docet
1321 4931 1392 4990 eius
1426 4926 1663 5002 interpretatio.

385 5027 457 5088 Non
487 5026 596 5103 magis
619 5042 676 5102 pro
703 5025 772 5088 εἴσω
794 5025 832 5104 δὴ
856 5033 1023 5103 repertum
1047 5031 1113 5106 est,
1138 5030 1223 5103 quod
1247 5031 1375 5091 eximat
1396 5044 1529 5091 omnem
1553 5029 1664 5088 animo
