3748 5792
959 447 1021 508 126

329 639 379 700 Fr.
407 639 479 715 149,
505 638 534 698 2.
559 633 614 712 οὐχ
636 629 810 712 ἁρχιτέκτων
827 635 916 695 recte
936 634 1050 695 Bothe.
1067 667 1105 676 -
1119 633 1175 694 VS.
1190 635 1220 696 3.
1244 630 1302 694 κάκ
1324 649 1383 709 pro
1404 629 1456 694 nal
1478 632 1649 694 Richards.

372 740 419 801 De
450 738 540 800 verbi
570 752 633 798 neu
660 736 709 798 Bi.
740 736 795 798 511.
827 736 966 797 Damox.
998 737 1028 812 2,
1063 736 1118 810 11;
1147 737 1287 813 Sosipat.
1312 738 1365 799 111.
1391 771 1432 781 -
1456 735 1512 798 Vs.
1540 735 1649 796 1531

371 839 518 923 ἀστοχήσρ
541 837 648 900 1551113
672 839 730 899 551
752 837 930 912 probabilis
954 837 1142 898 coniectura
1168 840 1259 898 esset
1280 854 1339 913 pro
1362 835 1512 920 ὑστερίζῃ,
1533 837 1651 897 atatim

370 941 591 1004 consentirem
615 938 739 1000 Kockio
762 953 836 1000 earn
859 938 1108 1014 praeferendam
1128 953 1201 1000 esse
1220 939 1401 1016 suspicioni
1421 953 1529 1014 meae,
1549 951 1649 1012 quam

372 1045 446 1105 vide
480 1041 565 1117 apud
594 1041 718 1116 ipsum,
750 1039 807 1100 sed
838 1055 899 1100 neo
928 1039 1066 1101 lenitate
1094 1039 1152 1101 illa
1182 1041 1370 1103 coniectura
1400 1040 1651 1103 commendatur

373 1162 432 1207 555
452 1157 619 1217 sermone,
642 1141 671 1201 si
691 1140 822 1216 quidem
839 1143 919 1202 ante
933 1141 1108 1216 Polybium
1128 1156 1226 1202 nemo
1243 1144 1384 1218 scriptor
1400 1142 1499 1203 verbo
1519 1139 1655 1218 ἀστοχεῖν

374 1262 453 1308 5353
481 1247 543 1306 531.
574 1241 740 1316 Bloydeeli
772 1244 885 1303 eutem
916 1241 1655 1326 5551551555ὑστερήσῃ51511555151155.1)5

372 1347 532 1424 ὑστερίζειν
559 1344 599 1406 51.
628 1343 737 1404 simile
765 1343 933 1404 Menandri
959 1343 998 1406 fr.
1023 1346 1098 1420 364,
1120 1346 1151 1405 4.
1178 1377 1217 1388 —
1239 1343 1294 1406 Vs.
1323 1346 1373 1407 19.
1406 1340 1568 1423 ὡρισμένος
1594 1345 1653 1403 551

309 1495 311 1500 ,
372 1446 545 1528 ὡρισμένοις
568 1461 626 1522 pro
657 1441 807 1522 ὁρώμενος
826 1444 875 1506 Bl.
907 1445 1080 1506 Praestare
1105 1446 1187 1507 mihi
1217 1447 1347 1508 videtur
1377 1445 1653 1522 5515515155115,

373 1567 452 1612 riam
481 1551 550 1610 lex
580 1561 658 1607 non
686 1546 871 1607 definite
894 1561 959 1607 non
983 1547 1142 1623 531155,
1174 1547 1244 1608 lex
1266 1547 1513 1609 invisibilis
1536 1549 1653 1608 extare

373 1653 495 1728 potest,
521 1649 594 1724 ead,
619 1649 657 1708 ut
679 1661 795 1708 omnes
818 1650 956 1710 naturae
980 1651 1085 1727 leges,
1111 1650 1249 1711 oculis
1273 1666 1353 1712 non
1378 1649 1579 1712 cernitur.

329 1755 380 1816 Fr.
408 1754 480 1830 150,
506 1753 536 1812 2.
568 1756 688 1829 φρενῶν
720 1748 888 1826 eleganter
917 1751 1024 1812 Nabar
1053 1766 1112 1827 pro
1143 1759 1277 1830 φρονῶν,
1306 1752 1391 1828 5555
1423 1755 1536 1812 tamen
1561 1753 1654 1811 stare

374 1871 470 1931 posse
495 1853 634 1914 videtur.

329 1958 380 2018 Fr.
407 1957 480 2018 158.
511 1955 548 2015 In
580 1951 727 2028 append.
758 1967 849 2026 prov.
875 1953 904 2030 3,
931 1953 972 2014 35
996 1955 1085 2014 recte
1107 1953 1330 2032 καταπληκτικά
1353 1970 1410 2031 pro
1433 1951 1655 2031 καταληπτικόν

373 2054 433 2130 Bl.,
457 2055 543 2128 quod
567 2055 695 2129 511555
718 2054 876 2116 viderem.

330 2157 381 2218 Fr.
409 2158 482 2231 165,
508 2158 537 2217 5.
562 2149 678 2216 θύννει’
704 2155 801 2217 malit
822 2156 870 2218 Bl.
895 2156 960 2218 Ood
983 2159 1013 2218 A
1035 2157 1163 2230 θύννας.

329 2259 380 2319 Fr.
408 2260 480 2334 156,
503 2259 533 2318 3.
558 2257 658 2320 Recte
675 2257 787 2319 Nauck
806 2253 916 2319 πλείον’
940 2255 1036 2338 501.
1057 2260 1097 2322 de
1118 2259 1471 2328 verborumordineir.
1488 2260 1561 2336 183,
1575 2260 1652 2318 3.-

373 2360 429 2420 Vs.
454 2361 485 2420 6.
510 2358 681 2436 Quondam
703 2360 855 2435 proposui
874 2354 1011 2420 τύπτεσθ’
1036 2357 1217 2439 ἐκδέδεκται,
1235 2363 1351 2437 553155
1363 2360 1412 2421 Bl.
1432 2376 1545 2422 meum
1563 2359 1655 2434 igno·

374 2476 451 2523 rans
482 2463 540 2521 aut
571 2461 674 2522 silens
705 2461 869 2522 τύπτεσθαι
900 2459 1034 2523 δέδενται
1064 2466 1123 2524 551
1152 2483 1181 2522 τε
1216 2459 1342 2540 δέχεται,
1372 2462 1430 2523 355
1461 2461 1586 2537 optime
1616 2475 1656 2520 35

373 2563 473 2623 55551
495 2562 679 2638 perfectum
703 2565 736 2624 et
759 2565 907 2638 praestat
930 2565 1067 2625 verbnm
1091 2563 1311 2640 compositum
1335 2563 1513 2638 excepit.

331 2665 382 2726 Fr.
417 2665 490 2724 159.
521 2663 683 2724 Headlam
715 2664 770 2725 511.
801 2664 1000 2740 1511555513
1022 2665 1061 2726 fr.
1087 2666 1146 2740 86;
1171 2665 1277 2726 Plaut.
1304 2664 1421 2726 Pseud.
1447 2665 1528 2738 795;
1554 2662 1654 2739 Soph.

375 2765 458 2826 Phil.
482 2765 656 2838 leo—om
679 2765 810 2841 Apuleii
828 2766 904 2827 1151.
932 2765 976 2826 IV
1004 2767 1045 2828 61
1074 2765 1304 2848 5151156515
1326 2765 1441 2826 eodem
1463 2764 1504 2827 ir.
1534 2765 1608 2839 158,
1636 2766 1653 2824 1

375 2866 491 2926 malim
515 2862 587 2942 ἐμὸν
610 2881 668 2942 pro
692 2863 774 2944 ἐμοῦ.

331 2968 382 3030 Fr.
410 2969 482 3044 162,
507 2969 538 3028 4.
574 2968 786 3043 scripserim:
815 2967 928 3028 τούτων
952 2967 984 3027 ol
1007 2963 1121 3045 (μὲν)
1152 2971 1228 3047 τρεῖς
1252 2967 1495 3045 δειπνοῦμεν
1514 2965 1520 3046 Ι
1541 2965 1598 3027 tto
1622 2961 1653 3025 δ’

375 3067 510 3141 αὑτοῖς
545 3075 632 3141 (cum
667 3070 791 3131 Kookio
826 3084 884 3146 pro
918 3068 1040 3141 αὐτοῖς).
1075 3070 1199 3132 Vocula
1231 3067 1277 3146 11,
1307 3084 1408 3160 quam
1442 3073 1517 3144 post
1539 3067 1655 3129 τούτων

374 3172 492 3232 inserit
511 3171 611 3248 Koolr,
632 3187 714 3246 opus
733 3186 798 3232 non
819 3173 886 3247 531,
910 3171 986 3246 5515
1005 3171 1130 3246 passim
1150 3173 1191 3234 ab
1211 3172 1336 3248 optimo
1355 3187 1482 3246 555555
1493 3172 1654 3246 scriptore

375 3269 543 3344 ἀσννῠέιως
565 3275 745 3348 usurpatur
767 3271 807 3333 ab
830 3272 924 3334 initio
948 3273 1092 3350 positum
1113 3289 1294 3350 pronomen
1314 3275 1626 3337 demonstrativum.

332 3375 382 3436 Fr.
410 3375 482 3451 163,
507 3374 538 3434 3.
562 3373 662 3435 Recte
686 3371 820 3456 αἰσθάνῃ
843 3371 1041 3452 06553153,
1066 3374 1123 3435 351
1147 3390 1197 3436 53.
1221 3377 1241 3438 4
1266 3377 1324 3438 vix
1342 3375 1546 3451 probandum
1566 3375 1654 3448 quod

374 3477 545 3552 proposuit
576 3478 674 3554 γονεῖς
709 3479 778 3552 (pro
808 3471 912 3554 λέγεις)
941 3475 1013 3536 3155
1041 3475 1195 3553 articulo,
1225 3492 1285 3539 nec
1314 3478 1462 3553 poenitet
1491 3492 1545 3537 me
1573 3475 1655 3537 olim

376 3577 523 3638 35531335
546 3573 600 3636 ἀεὶ.
626 3609 665 3620 -
690 3575 746 3638 Vs.
772 3577 802 3638 7.
827 3570 957 3654 155155
983 3576 1032 3638 Bl.
1059 3577 1195 3638 verbum
1218 3593 1382 3653 nusquam
1406 3578 1540 3640 lectum.

332 3681 382 3742 Fr.
410 3680 482 3740 165.
508 3678 556 3740 Bl.
582 3675 686 3758 ἐρρέτω
708 3671 712 3759 l
733 3671 877 3755 μέλαιν’
901 3671 1027 3757 Ὀττώρα·
1051 3675 1107 3737 ντὲ.
1139 3679 1184 3741 At
1207 3679 1289 3740 nihil
1314 3682 1406 3742 55151
1428 3678 1531 3740 151355
1554 3679 1655 3738 tetra-

376 3785 531 3844 metrum.
557 3780 619 3841 Sed
642 3781 761 3840 haereo
786 3779 817 3840 in
842 3775 974 3856 pilaeve.
998 3779 1085 3840 Num
1110 3778 1195 3841 forte
1218 3781 1281 3842 fuit
1304 3774 1476 3844 τέλαιν’1

333 3885 383 3945 Fr.
418 3883 491 3964 167,
517 3882 547 3942 2.
585 3881 630 3964 De
663 3882 800 3942 accentu
837 3879 961 3959 διαρκής
996 3881 1125 3942 dubitat
1159 3881 1219 3958 Β1.,
1256 3881 1381 3961 διάριιης
1416 3880 1583 3956 requirens
1618 3882 1656 3940 51

374 3981 535 4062 αὐτάρκης.
559 3984 603 4043 At
626 3983 729 4042 etiam
753 3978 875 4060 έξσριιής
900 3985 1068 4056 oxytonon
1091 3983 1152 4043 531.
1174 3983 1249 4046 Soil.
1270 3982 1533 4059 praepositiones
1551 3981 1655 4041 mino·

375 4103 446 4146 rem
471 4086 538 4146 vim
562 4086 718 4145 exercent
740 4083 773 4144 in
798 4087 971 4145 accentum
996 4098 1094 4158 quam
1118 4085 1264 4146 nomine.

331 4190 382 4249 Fr.
410 4190 482 4264 111,
511 4189 537 4247 l.
571 4183 737 4264 τιαρέφερεν
760 4186 809 4248 Bl.
841 4187 904 4247 Sed
928 4186 1002 4261 5513
1024 4187 1173 4262 55553151
1195 4187 1405 4248 Athenaeum
1428 4185 1560 4260 plenem
1582 4197 1656 4244 sen-

376 4290 515 4351 tentiam
545 4288 724 4349 attulisse?
760 4288 891 4364 Optimo
923 4287 1059 4349 coneilio
1090 4287 1180 4348 Kook
1203 4288 1286 4350 nihil
1309 4289 1342 4348 in
1366 4286 1489 4347 1511553
1513 4284 1658 4346 mutavit

376 4407 436 4451 nec
466 4389 635 4465 proposuit
665 4404 767 4463 aeque
791 4389 906 4448 dubias
930 4403 969 4449 55
992 4388 1105 4448 1551153
1128 4389 1349 4466 coniecturae,
1374 4388 1492 4464 quibus
1514 4386 1656 4448 nimium

376 4493 524 4567 indulget
547 4491 698 4566 Blaydes.

333 4597 383 4656 Fr.
412 4595 484 4668 172,
510 4596 528 4654 5
553 4609 601 4666 sq.
633 4591 679 4652 cf.
712 4591 862 4652 Phereor.
895 4591 926 4650 ll
951 4592 1032 4666 255;
1066 4591 1397 4667 Hermipp.11388;
1429 4590 1657 4666 Aristophont.

376 4697 424 4756 lll
451 4697 530 4770 175;
555 4695 661 4755 Ρ1551.
687 4691 804 4754 Pseud.
826 4692 1022 4752 881-884:
1054 4692 1138 4753 Non
1170 4708 1244 4768 ego
1276 4694 1337 4754 ita
1372 4693 1570 4754 convivis
1600 4705 1657 4751 55-

377 4812 469 4858 nam
494 4796 708 4857 conditam
732 4791 862 4872 (15551
884 4793 1021 4869 55515,
1047 4798 1173 4868 51555
1198 4793 1259 4854 115
1283 4795 1408 4856 35551
1432 4793 1659 4853 suavitate

377 4899 606 4975 conditam,
629 4893 699 4975 151
723 4895 905 4968 5513555
929 4895 1112 4968 5515555
1137 4894 1353 4956 conditum
1375 4894 1655 4970 gustaverint

376 5001 500 5074 15353
523 4999 607 5060 3151
631 4997 784 5057 faciam
811 4998 852 5055 ut
877 4996 1041 5070 digitos
1065 4996 1288 5070 praerodat
1311 5011 1476 5058 3555-
1496 4995 1586 5056 Vati.
1609 4995 1659 5058 Bl.
