3748 5792
839 500 902 560 105

252 679 418 756 obsiderem,
441 685 475 743 et
498 699 545 746 vs.
574 685 614 746 10
637 683 747 761 μανίας
771 680 798 746 δ’
826 682 842 746 ὁ
866 684 997 756 δέκατος.
1024 719 1063 730 -
1087 683 1143 746 VS.
1172 686 1222 746 10.
1242 683 1362 763 βάλλειν
1386 683 1531 743 defendit

251 782 352 857 idern,
379 797 438 844 uec
457 785 527 859 ipss
549 787 772 863 sollicitarim,
798 788 862 848 nisi
885 788 969 848 torte
989 787 1238 862 praeferendum
1258 782 1435 864 κύκβύλλειν
1454 799 1529 844 cum

252 882 423 946 lleiuelrio.
446 885 588 958 Jacobsii
612 891 802 952 coniectura
821 891 938 950 nititur
956 889 1042 950 falsa
1057 889 1329 963 interpretatione
1344 886 1434 948 verbi
1457 882 1531 944 ύιτο-

251 983 392 1057 οκελλζειν
415 992 457 1056 (v.
481 989 532 1048 12.
557 988 604 1050 01.
629 991 745 1066 Koclr),
772 1007 832 1053 nec
855 991 1105 1052 Hermauniaua
1126 989 1308 1068 βαμβύλλετν
1331 989 1447 1063 aptum
1467 989 1529 1047 est.

250 1086 440 1160 Requiritur
480 1103 656 1164 supremus
695 1093 872 1154 violentiae
915 1092 1051 1168 gradus,
1087 1093 1124 1152 ut
1165 1091 1293 1153 dicatur
1335 1092 1433 1164 potus
1476 1090 1532 1148 aut

252 1190 401 1250 conicere
425 1191 651 1266 quodcumque
670 1195 704 1253 in
723 1194 886 1255 sodalium
906 1195 1015 1270 capita
1033 1192 1174 1270 (βάλλειν)
1198 1195 1256 1254 aut
1278 1193 1326 1252 ita
1348 1206 1385 1251 se
1404 1204 1530 1265 gerere,

252 1293 289 1351 ut
322 1291 413 1351 foras
443 1293 670 1355 exturbandus
703 1297 749 1356 sit
783 1293 970 1372 tlrpdllrw).
1015 1295 1133 1355 Utrum
1169 1295 1287 1355 borum
1322 1307 1437 1352 verum
1472 1291 1531 1366 sit,

250 1392 372 1467 pendet
401 1409 444 1454 ex
470 1395 606 1470 ancipiti
635 1398 872 1460 aestimatione
893 1399 1074 1459 lectionum
1099 1395 1262 1458 Athenaei
1284 1391 1333 1454 καλ
1356 1393 1477 1473 βάλλειν
1500 1394 1534 1453 et

252 1493 372 1554 Suidae
395 1491 557 1572 ἐκβάλλειν.

206 1597 258 1658 Fr.
282 1597 369 1673 aaa
394 1597 442 1659 Bl.
467 1601 598 1675 supplet
625 1597 696 1678 <pir
722 1599 908 1663 θυίταοοιν>
930 1593 1004 1678 υίμο
1023 1598 1079 1661 καί.
1100 1600 1218 1672 (deleto
1238 1599 1299 1676 μή),
1321 1613 1404 1673 quae
1424 1597 1532 1658 forma

251 1697 458 1760 belleuistica
476 1715 534 1775 pro
553 1700 696 1762 θυόντων
716 1702 781 1763 iam
803 1703 954 1779 profligat
974 1703 1210 1764 coniecturam.
1234 1733 1271 1742 -
1292 1700 1348 1761 Vs.
1374 1700 1403 1759 3.
1429 1696 1532 1757 Multa

251 1799 409 1861 ariolator
432 1801 480 1861 Bl.
513 1817 542 1876 p.
571 1804 643 1880 132,
676 1803 842 1880 probabile
866 1804 963 1880 nihil,
992 1808 1025 1865 et
1052 1803 1167 1864 lubens
1191 1805 1333 1863 retracto
1357 1815 1439 1875 quae
1462 1799 1532 1873 ipse

250 1902 404 1977 proposui
434 1903 553 1965 tinem.
585 1921 661 1966 nor.
692 1905 737 1966 VI
760 1908 813 1982 68,
845 1921 905 1967 nec
936 1905 1101 1982 persuasit
1131 1903 1213 1964 mihi
1243 1903 1350 1977 Koclr,
1374 1902 1408 1960 in
1439 1900 1531 1960 cuius

194 2029 198 2036 ·
251 2003 442 2064 coniectura
471 2007 504 2066 et
537 2006 603 2068 alia
632 2008 714 2068 milri
745 2007 920 2083 displicent
949 2010 983 2068 et
1005 2008 1140 2068 servata
1161 2005 1194 2065 in
1219 2020 1269 2065 vs.
1293 2005 1313 2064 t
1337 2004 1445 2065 forma
1466 2016 1532 2062 nou

251 2105 354 2166 attica
374 2105 498 2184 γλύκιον
517 2123 575 2183 pro
594 2109 783 2188 γλυκύτερον.
803 2109 912 2170 Etiam
932 2108 1086 2183 Polyzelo
1105 2107 1137 2167 II
1156 2106 1221 2167 872
1240 2106 1312 2165 211.
1332 2103 1532 2166 reddendum

251 2200 310 2265 ἀλλ’
332 2204 370 2266 od
393 2207 543 2288 πραότερον
565 2207 601 2268 τὰ
624 2207 784 2289 φθέγματα
805 2207 811 2287 Ι
830 2205 904 2270 οὐδὲ
926 2210 1089 2290 γλυκύτερα
1113 2223 1171 2284 pro
1194 2207 1345 2287 γλυκίονα.
1365 2205 1530 2280 ProponO:

475 2305 546 2388 μήθ’
572 2302 647 2386 αίμα
675 2310 846 2372 <δόντιον>
873 2310 945 2388 μήτε
967 2309 1096 2389 καρδίαν
1119 2307 1198 2386 ίμοί,

474 2409 515 2488 μὴ
538 2411 643 2472 κύστιν
665 2410 686 2491 ἢ
705 2407 890 2473 ’πιπόλαιον
915 2410 952 2473 οὐ
975 2409 1032 2493 γὰρ
1055 2409 1149 2472 ἐσθίω

474 2510 521 2589 ἥδ
528 2534 590 2573 ιον
613 2508 705 2574 οὐδὲν
727 2513 846 2593 μηρίων
869 2511 926 2593 eya
948 2533 1028 2573 ποτε.

241 2607 364 2686 Ἥλιον,
383 2613 403 2673 1.
423 2627 451 2674 e.
474 2615 636 2690 potius,
663 2631 728 2677 nou
747 2616 956 2678 intellectum
980 2616 1106 2692 peperit
1127 2615 1294 2690 glossema
1314 2613 1446 2692 γλύκιον.

207 2713 259 2772 Fr.
285 2713 338 2774 96.
364 2712 410 2774 01.
431 2715 470 2785 (si
489 2717 575 2778 tanti
596 2720 658 2788 est)
678 2718 726 2779 Bl.
747 2718 768 2780 l.
790 2718 812 2780 1.

207 2813 258 2875 Fr.
289 2815 343 2892 98,
378 2817 406 2878 1.
440 2816 582 2903 ψιμυθίῳ
613 2820 663 2890 (cf.
696 2835 744 2880 vs.
777 2821 808 2890 8)
840 2835 972 2881 mecum
1003 2818 1141 2893 requirit
1170 2819 1256 2879 idem
1287 2820 1321 2878 et
1352 2817 1408 2878 le
1443 2818 1531 2878 recte

249 2914 543 2997 καταπεπλασμένοι,
561 2936 641 2981 uam
661 2921 701 2982 ds
719 2921 883 2983 industria
902 2921 949 2982 rei
968 2919 1137 2997 augendae
1149 2934 1249 2980 causa
1259 2914 1532 2998 περιπεπλασμέναι

251 3017 382 3080 dedisse
411 3019 542 3083 videtur
572 3025 683 3098 poeta,
715 3025 749 3084 et
779 3022 893 3099 procul
923 3023 1021 3084 dublo
1051 3022 1136 3082 falso
1167 3019 1352 3104 οοκαμινλνιμ
1382 3019 1533 3099 γνάθους,

250 3118 357 3180 deleto
379 3123 565 3183 necessario
589 3124 742 3200 articulo,
768 3124 840 3185 coll.
864 3124 934 3185 scil.
956 3124 1066 3184 Sotad.
1089 3123 1136 3182 ΙΙΙ
1160 3124 1235 3199 585,
1259 3123 1315 3183 ubi
1335 3119 1532 3199 συκαμίνινον

251 3225 381 3298 (τρῖμμα)
405 3225 458 3282 est
481 3223 694 3286 adiectirum.

209 3321 259 3382 Fr.
284 3323 336 3398 99,
351 3323 381 3383 3.
402 3323 493 3385 Koclr
515 3341 557 3386 ex
576 3327 760 3392 Hermauni
780 3328 969 3388 coniectura
988 3327 1078 3387 dedit
1100 3319 1176 3405 τοίγ’
1198 3321 1273 3385 ύλλα
1292 3339 1350 3400 pro
1369 3320 1473 3400 τᾶλλα,
1496 3326 1531 3384 at

251 3425 422 3498 particulis
444 3423 478 3485 et
506 3447 539 3506 γε
570 3429 628 3488 vix
657 3429 750 3490 locus
781 3443 855 3488 essa
886 3429 1016 3490 videtur
1046 3432 1079 3489 et
1110 3427 1311 3502 gravissima
1340 3425 1531 3487 difficultate

252 3539 291 3586 aa
308 3525 405 3587 lectio
424 3526 565 3603 laborat,
587 3530 672 3603 qnod
692 3530 747 3604 qui
764 3530 970 3604 sicloquitur
989 3544 1054 3590 non
1079 3544 1233 3605 emere,
1258 3528 1316 3589 ssd
1339 3541 1529 3604 poscere,

251 3630 382 3702 propter
402 3642 545 3702 sequens
567 3630 704 3690 verbum
729 3613 819 3690 τύίει
838 3631 978 3707 videtur,
1004 3645 1079 3691 cum
1105 3633 1218 3690 tamen
1248 3631 1431 3691 ementis
1454 3629 1532 3703 quin

253 3727 351 3788 verba
379 3729 450 3790 sint
480 3731 537 3791 vix
568 3734 673 3807 possit
702 3731 855 3794 dubitari.
879 3733 1056 3809 Propterea
1078 3732 1181 3807 igitur
1209 3731 1345 3807 legerim
1377 3727 1532 3791 ἄλλοισι

253 3827 343 3888 πώλει
366 3827 422 3890 κτὲ.

210 3931 259 3990 rr.
287 3932 358 3992 100.
382 3928 581 4008 τύλαβύοτιου
605 3936 720 3997 malim
745 3953 820 3998 curn
844 3937 904 4014 Bl.,
929 3938 1007 4012 quia
1030 3950 1095 3998 uno
1118 3940 1250 3998 tantum
1274 3951 1355 4012 opus
1379 3939 1461 3997 erat.

211 4031 260 4093 Fr.
286 4035 358 4094 101.
389 4033 497 4113 νήττης
526 4051 584 4111 pro
615 4035 717 4116 ψυχὴν
744 4039 815 4109 (Bi.)
846 4054 964 4114 parum
988 4038 1154 4113 probabile
1178 4039 1297 4099 vitium
1325 4041 1386 4099 est.
1415 4036 1532 4098 Melius

254 4137 341 4196 certe
365 4136 578 4198 coniecisset:

1056 4239 1083 4300 εἰ
1104 4237 1145 4318 st

478 4343 650 4416 <μᾶλλον>
677 4340 716 4403 σὺ
739 4340 829 4420 χηνὸς
852 4332 934 4420 ἧπαρ
957 4339 977 4420 ἢ
1000 4339 1103 4420 ψυχὴν
1125 4339 1209 4419 ἔχεις.

254 4437 314 4498 Sed
336 4439 419 4499 nibil
442 4455 565 4502 novare
588 4446 640 4503 est
661 4443 778 4504 satius.

211 4537 260 4598 Fr.
286 4540 357 4602 102.
383 4542 484 4603 Recte
506 4541 648 4604 tortasse
670 4545 758 4606 idem
781 4543 884 4628 ψύγύιγ
903 4540 974 4619 ὀτι,
997 4545 1054 4606 sed
1084 4547 1171 4606 iusto
1194 4546 1353 4607 audacius
1376 4543 1531 4624 κεγριμὲνη

253 4632 308 4715 pro
330 4639 508 4721 λελουμένη,
530 4646 615 4718 quod
640 4646 746 4707 multo
769 4647 898 4708 facilius
921 4645 1042 4721 corrigi
1059 4649 1184 4722 potest.
1209 4646 1374 4722 Suspicor:

476 4743 630 4830 Αἰγυπτίῳ
652 4745 757 4829 ψάγδηι
776 4741 834 4806 ’στί
856 4744 918 4823 τρίς
942 4743 1209 4824 ἀληλιμμένη,

252 4845 334 4919 quod
358 4847 468 4923 ipsum
493 4862 580 4908 nuuc
603 4849 730 4923 reperio
754 4847 786 4908 iu
810 4849 881 4908 eius
905 4848 1071 4910 Addeudis
1095 4864 1125 4925 p.
1151 4851 1225 4910 334.

211 4943 260 5004 rr.
287 4947 347 5008 104
370 4949 660 5025 corruptissimum
684 4953 717 5012 et
741 4950 917 5013 obscurum
942 4967 1007 5013 non
1028 4954 1174 5028 tangam,
1196 4953 1529 5028 nisiquodvs.1sq.

254 5048 393 5112 scribam
417 5049 555 5136 ύομοτίμ
581 5060 682 5134 <οῳ>
709 5053 872 5132 στρούθιον
895 5050 950 5114 uri.
974 5052 1070 5130 Vide,
1094 5054 1125 5114 si
1146 5054 1231 5114 tanti
1254 5057 1318 5130 est,
1343 5055 1392 5115 Bl.
1409 5069 1439 5129 p.
1457 5055 1528 5118 133.
