3718 5788
818 513 883 576 16]Ι

230 701 416 778 peceatum,
456 698 537 762 nihil
575 703 685 778 aptius
721 702 816 764 video
858 718 957 778 quam
999 702 1165 778 Blaydesii
1195 697 1393 781 ἀνελπίστων,
1424 698 1508 779 quod

230 803 344 863 tamen
366 818 387 863 a
409 803 531 864 tradita
553 804 715 880 scriptura
738 805 839 866 nimis
862 805 975 866 distat.

184 903 239 964 Fr.
253 905 329 964 291.
342 904 457 965 Melius
469 904 593 966 Kockio
604 906 805 968 sententiam
818 906 1027 982 perspexisse
1039 906 1121 966 mihi
1131 906 1261 968 videtur
1274 907 1308 968 Ο.
1319 908 1438 982 Hense,
1453 907 1509 981 qui

232 1009 367 1080 postus.
384 1008 398 1065 1
413 1005 518 1067 sumit
535 1006 701 1084 lacunam,
723 1023 788 1070 non
808 1009 896 1069 enim
917 1010 968 1070 est
988 1009 1066 1069 iusti
1084 1023 1156 1069 sors
1177 1023 1344 1084 semper
1363 1009 1508 1085 spoliari.

184 1107 267 1166 Post
290 1107 328 1168 ir.
353 1109 418 1168 300
440 1109 651 1170 inserendum
675 1111 714 1170 ir.
742 1112 838 1187 1026,
863 1127 892 1185 q.
918 1126 948 1171 ν.

185 1210 239 1270 Fr.
265 1211 340 1287 301,
366 1213 395 1272 2.
427 1212 656 1273 Necessariam
687 1227 760 1272 esse
789 1213 1084 1288 transpositionem
1108 1205 1259 1271 τῶνκαθ’
1284 1207 1399 1290 ἡμέραν
1423 1211 1514 1293 ἀναγ-

232 1312 342 1390 καίαν,
363 1314 515 1387 quamvis
538 1316 680 1388 negante
704 1314 841 1389 Kookio,
873 1315 1033 1389 hodieque
1056 1313 1207 1391 arbitror,
1236 1315 1514 1388 quemadmodum

233 1429 299 1475 non
321 1415 433 1476 dubito
457 1415 534 1489 quin
558 1414 764 1475 Philetaerus
788 1415 827 1475 Ir.
851 1416 880 1491 7,
905 1416 924 1475 2
949 1415 1118 1490 scripserit
1139 1413 1190 1474 τὸν
1208 1410 1278 1474 καθ’
1301 1410 1415 1494 ἡμέραν
1436 1416 1515 1494 βίον,

233 1516 436 1578 assentiente
459 1515 523 1593 Bl,
555 1517 610 1591 qui
633 1531 713 1577 mox
738 1531 785 1578 vs.
811 1517 830 1577 8
857 1532 915 1592 pro
938 1510 1008 1593 μηδ’
1044 1517 1114 1577 iure
1137 1518 1273 1591 requirit
1296 1511 1371 1594 μήτ’,
1397 1519 1517 1579 iniuria

234 1633 313 1679 vero
337 1635 384 1680 vs.
410 1621 429 1678 9
453 1638 523 1678 ποτε
546 1633 604 1695 pro
634 1617 735 1694 πάλιν,
758 1621 954 1694 suspectans
978 1618 1195 1680 sanissimum
1220 1615 1313 1698 ἡμῶν.
1336 1620 1374 1680 In
1399 1636 1447 1681 vs.
1475 1623 1513 1682 11

233 1720 322 1781 idern
345 1720 461 1796 probat
483 1735 597 1781 meum
620 1723 715 1779 τοῖσιν
738 1716 844 1799 έργαις.

189 1824 243 1884 Fr.
268 1823 343 1898 302,
371 1814 678 1898 1.οι’νδένλελή9ασ’
704 1817 787 1893 ὄντες
811 1821 973 1883 violenter
995 1821 1044 1882 Bi.
1069 1820 1161 1883 idem
1188 1837 1237 1883 vs.
1263 1824 1281 1883 5
1306 1821 1423 1899 probat
1446 1839 1477 1885 ν.
1494 1825 1515 1885 i.

235 1921 292 2000 τὴν
314 1923 427 2002 θύραν.

189 2026 242 2085 Fr.
269 2025 344 2102 303,
370 2026 400 2085 2.
625 2020 704 2100 μένω
727 2021 783 2104 γὰρ
808 2021 838 2096 ἐξ
861 2021 1082 2104 ἒχθιζινοῦ.

232 2120 386 2187 Ἐαθιναῡ
421 2127 492 2188 sine
527 2127 727 2188 necessitate
761 2127 809 2187 Bi.
842 2127 975 2201 Forma,
1019 2127 1172 2200 quamvis
1210 2141 1276 2187 non
1311 2127 1387 2188 alibi
1422 2130 1517 2190 hodie

236 2242 406 2289 ocourrere
437 2228 597 2304 videatur,
629 2243 731 2303 aeque
757 2230 859 2305 proba
882 2232 934 2290 est
958 2245 997 2290 ao
1019 2228 1162 2306 χθιζινός.
1200 2229 1341 2292 Omnino
1373 2231 1515 2293 confera-

229 2332 284 2390 tur
304 2330 402 2391 doota
420 2331 601 2405 disputatio
621 2330 654 2390 in
674 2331 834 2406 Stephani
850 2329 947 2391 Thes.
969 2330 1018 2391 ed.
1032 2329 1127 2390 Dind.
1140 2345 1167 2390 s.
1180 2345 1212 2391 ν.
1226 2331 1303 2391 VIII
1315 2347 1346 2408 p.
1363 2333 1458 2395 1484.
1474 2367 1514 2376 —

235 2430 285 2491 Ad
310 2445 359 2491 vs.
387 2433 401 2490 1
424 2447 473 2506 sq.
498 2434 573 2507 apte
596 2432 645 2493 Bi.
670 2432 726 2493 ott.
751 2433 833 2492 Ran.
859 2433 935 2494 867.

190 2531 241 2593 Fr.
267 2533 343 2593 304.
367 2532 509 2595 Probata
532 2533 644 2596 Cobeti
667 2535 856 2595 coniectura
884 2526 1041 2592 <τί>πο3
1068 2529 1197 2612 ἕξουσιν,
1220 2533 1298 2594 olim
1323 2537 1493 2611 proposui:

903 2632 994 2698 (τὸ)
1022 2631 1077 2711 τὴν
1099 2634 1250 2713 πονηρίαν

351 2733 484 2810 ἀτυφίαν
508 2732 650 2812 νομίσαι]
673 2735 702 2795 τί
722 2729 791 2796 ποθ’
818 2733 937 2809 ἕξουσιν
960 2733 1068 2815 πέραςς
1091 2735 1138 2797 dl.
1162 2737 1202 2797 fr.
1227 2738 1302 2814 418,
1330 2739 1359 2800 2.

238 2837 319 2912 Quid
350 2837 413 2897 sibi
444 2837 523 2899 Velit
554 2838 720 2913 Blaydesii
753 2839 940 2899 coniectura
965 2835 1020 2914 τὴν
1053 2839 1204 2918 πονηρίαν
1225 2835 1231 2917 Ι
1250 2837 1401 2914 κᾶτνφίαν
1435 2841 1518 2919 νομί-

242 2957 346 3011 σαντες
369 2937 445 3013 ἕξειν
467 2936 538 3000 ποτὲ
560 2938 651 3019 πέρας
675 2941 758 3000 mihi
781 2940 957 3002 obscurum
981 2942 1042 3002 est.

198 3042 246 3102 ih.
272 3043 349 3117 309,
378 3045 391 3102 1
418 3057 467 3116 sq.
491 3042 540 3102 Bi.
564 3042 620 3103 est.
644 3042 719 3102 Pae.
745 3042 820 3103 908.

195 3144 244 3204 Fr.
270 3145 346 3204 311.
371 3139 474 3214 έπίοες
496 3140 529 3203 τὸ
548 3149 619 3220 πῦρ.
643 3143 733 3203 Haec
757 3143 857 3204 verba
879 3145 1052 3204 recurrunt
1074 3144 1108 3203 in
1133 3143 1171 3204 fr.
1195 3145 1271 3206 437.

195 3243 244 3304 Fr.
268 3245 344 3320 312,
370 3245 400 3304 3.
436 3243 605 3321 οίστραῦντι
641 3243 781 3304 coniecit
815 3244 920 3320 Kocir,
956 3244 1040 3318 quod
1080 3245 1174 3306 attici
1209 3260 1341 3320 semper
1374 3246 1517 3307 dixerint

236 3344 412 3420 αἰστρνίστιν,
442 3343 604 3422 οἰατρῆσαι.
634 3344 679 3405 nt
710 3343 811 3427 οἰστρᾷ
843 3345 914 3405 sine
939 3345 1102 3406 varietate
1129 3345 1228 3407 habet
1258 3345 1351 3406 Plato
1381 3347 1517 3408 Phaedr.

236 3447 297 3508 251
313 3447 343 3507 d.
368 3447 501 3507 uheaet.
530 3447 591 3507 179
604 3445 639 3506 Ε.
664 3446 801 3506 Frustra
824 3446 911 3506 idem
936 3455 1063 3518 σκοπιᾶς
1086 3463 1144 3523 pro
1168 3445 1275 3526 πέτρας
1299 3448 1339 3509 ad
1363 3464 1518 3510 amoven·

236 3549 311 3609 dam
336 3548 533 3624 positionem
554 3547 710 3624 debilem,
733 3563 816 3622 quae
837 3548 871 3608 in
890 3548 952 3608 hac
969 3547 1149 3609 manifesta
1168 3549 1419 3625 paratragoedia
1437 3550 1519 3610 nibil

237 3651 334 3710 habet
357 3650 516 3726 suspecti,
541 3652 578 3709 ut
601 3649 682 3709 oiim
706 3649 831 3709 monui.

195 3751 243 3810 Fr.
268 3751 343 3826 319,
369 3752 400 3812 d.
432 3751 517 3826 Lege
540 3750 746 3830 γί<γ>νετατ
771 3783 813 3791 -
837 3748 892 3810 Vs.
918 3751 948 3810 9.
977 3749 1093 3821 τούτοις
1116 3766 1175 3826 pro
1197 3745 1274 3809 ταῦτ’
1301 3755 1389 3813 recte
1412 3751 1517 3828 Koch,

236 3847 326 3912 τοῖσδ’
349 3853 477 3913 soloece
496 3853 544 3912 Bi.
562 3885 600 3896 -
618 3853 670 3913 Vs.
691 3854 738 3912 11.
759 3852 919 3926 Proposui
939 3847 982 3910 ὢν
1003 3848 1040 3909 ἂν
1056 3849 1142 3925 θεός,
1162 3852 1218 3912 sed
1239 3851 1347 3912 lenius
1367 3869 1454 3912 nuno
1470 3853 1517 3912 Bi.

237 3953 279 4012 ὥν
301 3975 333 4031 γε
356 3951 444 4028 θεός,
465 3955 550 4028 quod
576 3970 691 4015 verum
715 3955 808 4014 duco.
829 3954 920 4020 Idem
941 3951 997 4012 οὐκ
1017 3951 1086 4012 εἴων
1106 3947 1158 4011 τιν’
1181 3949 1229 4028 ἅν,
1248 3955 1305 4014 sed
1326 3956 1518 4030 pronomine

236 4053 404 4115 indefinito
435 4070 518 4131 opus
548 4071 613 4116 non
643 4057 709 4130 est,
735 4055 811 4129 quia
834 4055 982 4128 sequItur
1006 4055 1039 4115 in
1063 4069 1111 4114 vs.
1137 4056 1300 4128 sequenti.
1323 4089 1363 4099 —
1384 4057 1439 4116 Vs.
1467 4057 1518 4116 14.

237 4157 383 4218 Adnotat
406 4157 514 4216 Koch:
539 4158 610 4231 ,An
632 4152 870 4232 Καλλιμέδοντος
891 4148 1017 4214 ἀπέθαν’
1040 4147 1105 4225 rig?
1125 4169 1202 4214 nam
1224 4154 1426 4215 Callimedon
1448 4155 1519 4230 ipse

238 4258 288 4328 (ei.
323 4258 632 4334 antiphonetae)
665 4260 744 4317 tuno
774 4257 845 4317 sine
876 4256 972 4316 dublo
1003 4256 1128 4316 dudum
1157 4260 1307 4316 mortuus
1332 4257 1434 4316 erat.’'
1460 4255 1518 4316 (lui

240 4359 319 4420 haee
341 4358 506 4433 quondam
535 4358 786 4435 respondebam:
814 4358 909 4417 Unde
933 4358 1049 4417 novit?
1076 4358 1281 4432 Antiphanes
1315 4355 1519 4434 Ἆλινααμένην

239 4462 348 4523 docuit
372 4461 459 4522 eirca
483 4461 531 4522 Oi.
548 4462 620 4536 109,
642 4462 674 4520 in
695 4475 759 4533 qua
777 4463 877 4519 natus
901 4461 953 4519 est
973 4458 1158 4534 Menander,
1179 4459 1290 4532 itaque
1310 4458 1391 4518 nihil
1415 4461 1519 4534 velat,

240 4565 267 4622 si
304 4560 398 4638 Μέθη
433 4563 533 4624 luerit
563 4577 606 4622 ex
636 4562 753 4638 primis
783 4559 950 4620 Menandri
982 4559 1114 4632 fabulis,
1148 4559 1250 4619 etiam
1280 4561 1352 4618 tum
1376 4558 1409 4619 ln
1435 4559 1520 4618 vivis

240 4663 341 4723 luisse
371 4661 654 4723 Callimedontem.
687 4660 746 4736 Qui
776 4675 812 4720 se
843 4660 966 4720 dudum
990 4661 1142 4720 mortuus
1165 4658 1296 4732 ruisset,
1330 4673 1395 4719 non
1425 4659 1520 4720 video

241 4764 351 4837 quidni
379 4764 488 4838 potius
514 4763 616 4823 alium
641 4763 829 4823 helluonem
852 4764 932 4822 tuno
957 4761 1127 4824 viventem
1151 4761 1249 4835 poeta
1268 4760 1406 4820 risisset.
1432 4759 1520 4820 Cele·

241 4879 313 4924 rum
342 4879 408 4925 non
438 4865 541 4939 ipsius
572 4865 687 4925 Kocirii
719 4864 799 4923 haec
829 4863 1018 4922 coniectura
1049 4863 1113 4937 est,
1153 4861 1210 4921 sed
1235 4875 1310 4921 mea
1335 4861 1409 4921 Ohs.
1443 4860 1520 4920 Grit.

250 4981 279 5042 p.
303 4967 346 5028 89
369 4981 433 5042 sq,
459 4981 558 5041 quam
583 4969 695 5027 tamen
720 4966 791 5040 ipse
814 4963 1009 5038 improbavi.
1211 4975 1212 4978 ’

202 5063 249 5126 Ir.
273 5067 347 5144 320,
369 5069 399 5127 3.
424 5065 510 5141 Lege
533 5063 656 5150 δευτέρᾳ
681 5081 757 5127 oum
781 5064 940 5125 Usenero.

1391 5169 1414 5212 u
