3748 5792
832 583 875 642 99

235 756 330 842 εἶναι,
361 782 426 828 non
457 781 536 828 vero
569 765 737 843 reputavit
771 766 819 827 ita
852 779 968 842 graece
1006 763 1180 824 dicendum
1215 764 1317 826 tuisse
1353 764 1411 824 aut
1444 758 1514 834 τοὺς

237 863 363 946 λέβητας
396 866 466 941 τούς
499 871 626 947 χαλκοῦς
657 870 716 929 aut
746 866 815 940 τούς
843 870 971 946 χαλκοῦς
1000 862 1133 943 λέβητας.
1164 864 1246 940 Quill
1278 879 1356 925 vero
1381 862 1518 940 impedit

235 969 415 1041 quominus
441 971 632 1031 statuamus
655 970 759 1032 tuisse
784 971 886 1032 etiarn
910 969 1048 1044 ferreas,
1073 967 1126 1028 bic
1150 980 1227 1028 vero
1251 981 1370 1028 aeneos
1392 967 1430 1026 ut
1453 969 1518 1040 pr'e·

235 1071 390 1132 tiosiores
413 1073 692 1133 commemorari?
716 1073 748 1132 Si
773 1073 850 1147 quid
874 1072 1064 1133 novandum
1088 1074 1176 1140 (nam
1201 1067 1446 1134 concedendum
1469 1070 1521 1128 est

236 1173 322 1232 satis
353 1173 523 1248 vulgarem
554 1189 627 1236 esse
663 1189 889 1236 aeneorum
921 1173 1144 1248 memoriam),
1180 1171 1214 1231 in
1247 1173 1341 1232 tanto
1376 1169 1519 1240 convivii

232 1274 408 1350 splendore
431 1277 465 1337 et
487 1275 570 1338 luxu
593 1276 703 1352 potius
727 1275 922 1337 crediderim
945 1277 1079 1351 poetam
1103 1274 1249 1335 dedisset

529 1380 600 1448 τοὺς
624 1373 657 1436 di
679 1374 805 1456 λέβητας
829 1385 1002 1457 χρυσοῦς
1027 1369 1103 1436 εἶναι
1127 1371 1184 1435 κκὲ.

236 1477 278 1538 cl.
300 1493 346 1538 rs.
368 1479 409 1538 25
423 1482 457 1540 et
469 1481 521 1554 26,
543 1481 599 1541 ubi
611 1480 698 1541 baud
717 1479 868 1555 displicet
885 1480 967 1540 mibi
980 1479 1028 1540 Β1.
1041 1478 1310 1554 supplementum
1327 1481 1519 1556 <χρυσοῦν>

238 1577 361 1656 φιάλην.
386 1613 426 1624 -
453 1581 508 1642 Vs.
536 1583 586 1643 11.
612 1583 730 1644 Nescio
754 1597 796 1642 an
821 1585 910 1644 recte
934 1582 982 1642 Β1.
1007 1579 1098 1641 οἴκων
1121 1583 1299 1651 (cecorum)
1323 1594 1381 1654 pro
1405 1575 1523 1636 λάκκων

240 1680 417 1743 coniecerit
454 1687 587 1759 propter
628 1685 796 1760 epitheton
840 1682 1076 1744 δωδεκακλίνων.
1117 1679 1226 1743 Facile
1260 1683 1373 1741 autom
1407 1681 1525 1740 notum

239 1782 326 1857 sigla
365 1783 395 1856 κ
429 1785 488 1846 tali
512 1787 614 1846 errori
638 1801 756 1846 ansam
781 1785 859 1847 dare
879 1786 997 1862 potuit.
1018 1784 1074 1844 Vs.
1095 1785 1150 1846 36.
1170 1791 1221 1860 τῆς
1241 1787 1309 1860 (pro
1330 1779 1390 1853 nal)
1409 1781 1526 1859 Συρίας

241 1883 305 1956 Β1.,
338 1885 410 1948 coll.
442 1886 578 1962 Antipn.
608 1887 657 1954 III
683 1888 756 1948 117.
788 1883 925 1964 ἠλείφετο
945 1884 950 1966 Ι
972 1883 1004 1945 ἐκ
1035 1892 1086 1962 τῆς
1117 1884 1234 1962 Συρίας
1257 1884 1420 1962 ἥκοντι-
1439 1884 1524 1969 μύρῳ

240 1991 276 2044 at
298 1985 372 2048 itur.
397 1988 516 2049 Bacch.
543 1989 605 2049 144
636 1987 752 2068 Συρίας
776 1983 804 2049 d'
831 1985 872 2061 ὡς
900 1989 1027 2067 λιβάνου
1058 1996 1187 2048 κακνοο.
1210 1985 1336 2050 Vocula
1358 1986 1411 2046 καί
1432 1987 1525 2062 (quaa

240 2086 335 2149 abest
358 2103 378 2150 a
400 2088 446 2158 0.)
465 2091 576 2166 inopte
594 2091 794 2166 interpolata
814 2093 879 2166 est,
900 2090 959 2152 sed
978 2091 1106 2150 incerta
1118 2090 1285 2151 correctio.
1307 2088 1353 2150 ct.
1368 2087 1469 2150 Koclr.
1484 2122 1524 2133 —

244 2188 300 2248 Vs.
326 2191 377 2251 37.
408 2199 624 2270 τενεροχρῶιες.
655 2193 704 2253 Β1.
737 2193 792 2254 eft.
825 2191 950 2253 Cratini
978 2192 1017 2252 fr.
1044 2193 1107 2251 302
1132 2194 1166 2252 el
1188 2192 1262 2252 Eur.
1286 2191 1325 2251 fr.
1350 2191 1426 2266 476,
1452 2189 1471 2250 3
1493 2193 1527 2250 et

243 2290 285 2350 ad
305 2300 431 2366 φυσκῶν
451 2293 551 2370 ζωμοῦ
571 2293 627 2355 Ar.
647 2294 687 2355 fr.
708 2297 772 2356 547
786 2293 822 2355 D.
839 2327 878 2338 -
893 2293 948 2355 VS.
969 2294 1022 2354 41.
1044 2294 1193 2368 Requirit
1213 2290 1322 2366 ἀφύων
1341 2309 1399 2369 pro
1411 2289 1528 2369 ἀφύης,

243 2393 330 2465 quod
361 2393 509 2456 medium
540 2395 626 2457 inter
660 2395 813 2473 σκορόδων
847 2398 881 2456 et
910 2393 1070 2473 σκόμβρων
1101 2395 1187 2456 haud
1218 2393 1314 2456 facile
1343 2395 1391 2456 ita
1420 2393 1528 2472 potuit

245 2495 427 2570 corrumpi;
459 2496 630 2558 collective
660 2499 786 2559 dictum
817 2499 911 2573 puta,
943 2498 981 2557 ut
1011 2497 1044 2556 in
1075 2499 1154 2557 noto
1185 2495 1241 2556 illo
1265 2495 1329 2568 ἅλις
1352 2493 1454 2571 ἀφύης
1478 2517 1527 2572 μοι

244 2591 300 2653 κιὲ.
324 2599 358 2656 et
377 2596 417 2657 de
436 2597 599 2659 industria
617 2599 690 2660 soni
711 2614 812 2660 causa
834 2603 971 2673 aposta
989 2597 1184 2658 adhibitum.
1206 2630 1243 2640 -
1269 2597 1325 2658 Vs.
1350 2599 1403 2659 44.
1428 2597 1529 2676 ydpnv

245 2712 303 2771 pro
326 2706 432 2775 κυρῶν
455 2699 669 2774 probabiliter
691 2701 849 2762 Meineko.
866 2734 903 2744 —
918 2700 974 2760 Vs.
995 2700 1049 2760 53.
1069 2698 1189 2759 θύννου
1209 2715 1273 2761 non
1294 2699 1358 2760 alia
1377 2699 1417 2759 de
1429 2713 1529 2760 causa

247 2813 346 2872 quam
365 2800 450 2874 quod
470 2800 547 2861 alibi
569 2801 693 2861 θύννου
722 2801 831 2880 τεμάχη
856 2803 1044 2875 occurrunt,
1075 2803 1201 2861 temere
1224 2801 1272 2862 Bi.
1297 2803 1448 2876 proponit
1470 2815 1528 2875 pro

249 2897 334 2976 ῥίνης
365 2905 399 2963 et
428 2902 512 2963 falso
543 2901 681 2981 βότρυες,
714 2919 796 2978 quae
828 2904 976 2978 legitima
1007 2905 1059 2963 ost
1088 2905 1120 2963 et
1145 2903 1310 2976 antiquior
1333 2901 1529 2964 nominativi

247 3000 383 3076 pluralis
413 3002 522 3065 forma
551 3006 635 3079 apud
666 3008 810 3082 Atticos,
841 3005 957 3067 tribuit
983 3007 1238 3080 anapaestorum
1272 3005 1439 3080 licentiae,
1471 3003 1528 3064 sed

246 3117 295 3162 rs.
316 3104 358 3164 58
377 3107 467 3166 recte
486 3106 632 3180 postulat
652 3107 747 3182 φακοί
764 3122 822 3183 pro
841 3105 924 3184 φακή
943 3110 995 3178 (ue
1014 3106 1137 3168 Graeca
1152 3107 1285 3181 quidem
1300 3105 1420 3179 forma3
1440 3104 1528 3165 aliud

248 3206 418 3282 οε1φακῆ,
441 3221 501 3267 nec
524 3207 623 3269 huius
646 3208 734 3285 loci),
760 3209 845 3284 quod
869 3209 990 3268 mirum
1014 3211 1066 3268 est
1089 3224 1154 3270 non
1172 3207 1356 3270 correxisse
1375 3207 1527 3267 editores,

247 3304 344 3366 Aliud
375 3323 452 3368 vero
475 3323 648 3384 perperam
679 3313 788 3372 tentat
813 3310 908 3371 Add.
934 3311 1009 3372 383.
1039 3341 1072 3352 -
1100 3309 1156 3370 Vs.
1182 3311 1224 3372 70
1244 3325 1292 3384 sq.
1319 3323 1476 3385 personae
1499 3308 1528 3367 Α

247 3407 363 3468 tribuit
386 3408 484 3470 idem.

203 3509 256 3570 Fr.
281 3510 335 3600 42τ
365 3509 398 3570 τὸ
428 3510 484 3592 γὰρ
515 3513 689 3574 κολακεύειν
718 3523 777 3574 νῦν
808 3512 1019 3593 ἀρέσκειαν
1050 3505 1132 3589 ὄνομ’
1158 3510 1223 3591 ἔχει.
1253 3513 1277 3572 Ε
1301 3511 1432 3572 Canibri
1456 3525 1528 3572 con·

248 3611 373 3672 iectura
396 3613 503 3675 editur
525 3611 724 3696 ἀρέσκειν,
744 3619 779 3678 at
797 3631 979 3690 numquam
999 3614 1224 3691 hocverbum,
1245 3615 1302 3675 sod
1315 3610 1529 3691 ἀρεσκεύεαθαι

251 3711 453 3775 adulandi
476 3731 577 3778 sensu
602 3719 759 3794 occurrit,
783 3719 879 3780 iuxta
901 3714 1039 3795 ἄρεσκος,
1062 3713 1212 3793 ἀρεσκεία,
1231 3736 1355 3791 -κευμα,
1373 3713 1529 3785 -κεννικός,

251 3811 339 3886 Quod
370 3817 532 3892 sentiens,
565 3819 690 3894 opinor,
722 3819 770 3880 Β1.
794 3820 917 3896 ορ11111ο
948 3818 1082 3893 corrigit
1105 3810 1240 3897 αἰρλσκεί,
1262 3817 1328 3877 nisi
1350 3815 1435 3890 quod
1459 3830 1528 3890 pec·

251 3915 338 3975 cavit
361 3917 394 3976 in
418 3922 566 3980 accentu.
591 3919 782 3994 Legoudum
806 3913 989 3996 ἀρεσκεί.

207 4015 259 4074 Fr.
282 4017 335 4092 45,
352 4017 383 4078 4.
407 4016 454 4080 cl.
479 4020 647 4096 Aristoph.
672 4023 733 4082 AV.
748 4022 813 4083 286
837 4022 876 4082 de
899 4019 1003 4082 Callia
1026 4019 1106 4080 αἵτε
1128 4018 1248 4097 θήλειαι
1271 4018 1530 4098 προσεκτίλλουσιν

252 4114 346 4176 αὐτοῦ
369 4115 405 4176 τὰ
427 4120 528 4198 πτερά.

208 4219 260 4280 tir.
283 4219 334 4295 46,
362 4222 390 4280 1.
421 4221 690 4286 consideratione
720 4224 819 4299 digna
850 4225 979 4285 videtur
1003 4223 1088 4285 lonis
1112 4221 1301 4298 Headlami,
1325 4221 1531 4296 Hesycbinm

253 4335 280 4380 a.
304 4336 335 4381 v.
359 4323 510 4401 citantis,
535 4326 723 4386 coniectura
745 4320 928 4403 ὡραίομίνη,
953 4325 1010 4385 sed
1040 4339 1157 4385 vereor
1187 4339 1228 4384 ne
1259 4323 1353 4384 unice
1391 4323 1531 4384 atticum

254 4421 298 4482 sit
320 4417 490 4506 ὡρρσμλνν,
514 4427 599 4502 quod
625 4427 655 4489 si
678 4430 766 4488 recte
790 4426 871 4487 mibi
896 4427 1035 4502 videtur,
1060 4427 1308 4503 praeferendum
1336 4421 1532 4508 ἐξαρφσμίνη.

254 4522 328 4582 Alia
349 4526 538 4589 tentamina
561 4529 704 4604 reperies
728 4529 814 4605 apud
838 4527 887 4589 Bi.
911 4544 941 4604 p.
970 4530 1042 4590 124.

211 4625 261 4686 Fr.
283 4627 336 4703 41,
364 4629 392 4689 1.
423 4629 493 4702 τοὺς
522 4630 658 4709 κάπρους
681 4633 757 4707 quia
779 4632 950 4693 evidenter
973 4633 1162 4706 corruptum
1187 4633 1252 4708 est,
1277 4631 1357 4692 olim
1380 4631 1534 4706 proposui

254 4721 431 4804 ὀχευομλνας
450 4727 552 4802 δὲτὰς
571 4731 679 4808 κύνας,
701 4747 840 4807 quorum
865 4732 1060 4796 animalium
1082 4733 1202 4808 coitus,
1222 4733 1261 4794 ut
1278 4731 1479 4808 gallinarum
1500 4731 1533 4792 in

255 4844 335 4904 sqq,
359 4834 508 4894 omnium
528 4835 674 4895 maxime
693 4835 908 4912 conspicitur,
930 4848 1018 4894 nunc
1040 4833 1089 4895 Β1.
1113 4832 1164 4905 τὰς
1184 4824 1275 4910 καύς,
1295 4849 1374 4903 avos
1393 4833 1534 4894 Athenis

253 4930 394 4992 rariores
417 4936 541 5008 (quidni
564 4935 674 5010 potius
696 4934 828 5007 κύκνους
837 4936 878 5012 i),
907 4931 1038 5005 υο1κὰς
1061 4933 1250 5009 1ας,ςοοε1
1276 4949 1353 4996 vero
1376 4935 1438 4994 boc
1461 4932 1534 4992 atil·

256 5045 331 5093 cum
353 5038 397 5098 sit
420 5052 478 5113 pro
501 5028 553 5108 ύςΙ
577 5034 624 5097 De
647 5036 713 5098 leni
738 5037 885 5100 remedio
909 5035 1162 5112 desperandum.

214 5133 264 5198 rr.
288 5140 341 5216 50,
371 5140 398 5200 1.
429 5137 491 5200 cu.
524 5136 572 5197 Β1.
597 5137 724 5214 Amips.
749 5138 780 5198 II
805 5137 946 5204 711.,·-
971 5136 1026 5196 Vs.
1052 5137 1081 5196 2.
1112 5134 1143 5195 cd
1166 5135 1284 5216 τάριχος
1308 5137 1397 5196 recte
1420 5132 1537 5210 probat
