3718 5788
939 507 1001 568 196

308 694 359 753 Fr.
384 695 414 768 d,
442 694 469 752 1.
495 692 532 753 V.
557 693 578 753 l.
602 689 645 751 ὢν
679 693 822 768 praefert
854 693 903 753 Bl.
930 727 970 736 -
994 692 1051 754 Vs.
1076 694 1107 752 3.
1142 685 1174 750 δὲ
1205 704 1263 766 pro
1293 686 1348 766 γὰρ
1379 692 1506 749 temere
1530 687 1630 747 idem.

353 795 407 855 Vs.
433 798 462 856 6.
495 797 617 856 Person
646 795 802 870 supplens
833 793 930 872 ὥσπερ
961 791 993 854 ἐκ
1017 793 1212 869 κελεύσματος
1235 790 1356 852 melius
1378 789 1555 864 κελεύματος
1578 788 1630 848 de·

352 897 464 957 disset.
492 931 530 940 -
556 898 611 957 Vs.
635 897 656 957 8
687 916 717 955 τε
747 895 886 971 φοίνειοι
915 911 973 971 pro
1004 893 1142 971 ἕφοίοειο
1174 909 1239 954 non
1270 895 1358 954 recte
1389 893 1438 952 Bl.
1464 891 1511 952 Of.
1536 905 1585 950 vs.
1614 891 1628 949 i

353 995 531 1074 ἐσφαίριζεν.

305 1145 463 1213 Critonis
485 1149 524 1209 fr.
546 1149 576 1224 3,
597 1149 628 1208 3.
652 1144 703 1205 nol
726 1155 904 1225 φορμιῶσαι.
930 1147 1091 1207 Headlam
1129 1148 1181 1220 ,to
1205 1145 1305 1207 break
1329 1161 1370 1220 up
1393 1144 1443 1204 for
1466 1142 1631 1217 faggots”.

352 1251 397 1310 At
426 1249 540 1326 φορμοί
569 1248 738 1309 ecalamo
767 1247 903 1324 fiebant,
938 1263 1003 1308 non
1036 1263 1153 1322 naves,
1184 1250 1221 1308 ut
1252 1247 1402 1322 arbitror,
1434 1260 1495 1306 nec
1517 1259 1632 1320 provo·

352 1352 419 1412 cari
442 1354 551 1427 potest
570 1350 610 1410 ad
633 1365 743 1410 serum
764 1349 919 1425 Diogenis
939 1350 1061 1410 Laertii
1085 1349 1313 1409 testimonium
1338 1344 1449 1424 φορμοὶ
1471 1355 1530 1405 τῶν
1554 1367 1633 1422 φρο-

352 1452 453 1532 γοὶοον
471 1451 620 1512 dicentis.
641 1451 730 1511 Idem
755 1453 895 1513 coniecit
917 1449 1194 1529 ιάφορμιᾱσοι
1216 1453 1270 1526 ,to
1289 1450 1333 1510 sit
1345 1448 1409 1509 idle
1420 1450 1455 1509 in
1466 1448 1524 1509 the
1535 1447 1633 1523 porr‘

352 1569 394 1616 on
416 1555 473 1615 tbe
496 1553 637 1627 analogy
660 1551 695 1612 of
715 1557 906 1631 φθειριᾶσαι,
937 1569 974 1614 as
997 1561 1232 1630 περιπρωκτιᾶν,
1262 1549 1484 1628 περιχονδριᾶν,
1514 1545 1633 1625 ὠμοευ-

353 1655 429 1714 διᾶν.
450 1655 519 1715 Hoo
540 1653 660 1714 saltem
681 1654 825 1728 speciem
847 1654 956 1716 habet.
978 1655 1051 1730 Ipse
1064 1654 1230 1728 quondam
1244 1653 1398 1729 proposui
1417 1647 1632 1728 κάνεχορά-

353 1761 515 1830 σοσθιιι,
534 1755 591 1817 sed
605 1753 778 1816 violentior
790 1758 842 1816 est
855 1757 1007 1817 mutatio.
1022 1789 1060 1797 —
1076 1755 1132 1815 Vs.
1148 1757 1176 1816 7.
1190 1754 1305 1816 Koclrii
1319 1754 1507 1814 coniectura
1518 1757 1636 1824 θοιῶι,

353 1873 452 1932 quam
484 1873 541 1934 pro
571 1853 685 1916 οὔκουν
708 1850 728 1915 ι’
763 1859 870 1918 textui
894 1857 1020 1933 intulit,
1045 1872 1111 1918 non
1135 1856 1198 1917 nisi
1226 1856 1309 1916 seris
1332 1856 1509 1916 admodum
1535 1855 1636 1914 huius

352 1959 478 2020 formae
501 1973 558 2033 pro
581 1956 723 2037 θυτήρων
747 1959 949 2019 testimoniis
972 1958 1099 2019 nititur.
1127 1958 1342 2018 Praetulerim
1368 1956 1535 2030 Blaydesii
1559 1978 1634 2014 νου-

353 2069 425 2132 ιῶι,
446 2061 503 2120 sed
528 2060 643 2120 eodem
668 2060 738 2120 iure
763 2056 856 2132 ξένων
881 2061 930 2121 vel
956 2057 1076 2137 ἀνδρῶν
1101 2060 1298 2135 suspiceris,
1324 2057 1405 2119 certi
1428 2057 1522 2118 nihil.

308 2208 522 2276 Timostratl
548 2212 598 2271 Fr.
623 2214 653 2286 6,
680 2212 709 2270 2.
743 2211 791 2271 Bl.
824 2201 922 2287 ὧιιιερ
953 2209 1066 2289 ἔχομεν.
1098 2211 1169 2271 Non
1200 2210 1328 2270 accedo.
1361 2209 1460 2269 Recte
1485 2207 1635 2282 explicat

353 2313 453 2372 Koolr.
479 2311 679 2386 colloquitur
702 2327 821 2388 parcus
843 2327 948 2373 senex
972 2329 1047 2373 cum
1071 2313 1206 2388 prodigo
1230 2311 1447 2372 adolescente.

313 2461 481 2528 llemetril
506 2463 544 2523 fr.
573 2464 601 2538 1,
626 2465 658 2523 6.

609 2556 675 2640 παρ’
703 2566 878 2641 Ἀγαθοκλεῖ
898 2558 930 2622 δὲ
953 2571 1069 2642 πρῶτος
1093 2557 1234 2642 εἰσήνεγκ’
1262 2559 1319 2642 ἐγὼ

610 2673 648 2744 τῷ
672 2664 834 2748 Σικελιώτῃ
858 2662 913 2741 τὴν
935 2664 1183 2743 τυραννικὴν
1207 2673 1319 2741 φακῆν.

356 2766 419 2827 Gor
451 2765 659 2844 οορονοικήνῖ
693 2765 744 2825 An
779 2767 864 2840 quod
899 2767 1099 2842 Agathocles
1130 2769 1291 2842 tyrannus
1322 2767 1416 2827 erat?
1451 2765 1537 2824 Num
1572 2765 1633 2824 hoc

356 2867 501 2929 sufficit?
524 2867 654 2929 Dubito.

312 3015 485 3100 Dioxlppl
508 3017 547 3078 fr.
572 3021 602 3079 d.
628 3017 676 3078 Bl.
702 3020 869 3094 proponit:

1192 3155 1232 3165 -
1257 3120 1363 3199 ἔλαβεν
1443 3137 1450 3149 ·

577 3219 711 3281 ἔπειτα
736 3221 792 3282 δύο
817 3230 981 3299 ψυκτῆρας.

355 3336 471 3396 parum
502 3322 720 3397 probabiliter,
753 3337 831 3383 nam
859 3323 1019 3383 traditum
1042 3319 1189 3394 ἐξιιάιοος
1213 3323 1399 3399 significare
1418 3322 1452 3395 ’ἐξ
1476 3315 1538 3381 εἶτα
1563 3322 1632 3393 τοὺς

354 3436 452 3482 nemo
482 3438 546 3483 non
577 3423 678 3498 videt,
703 3439 767 3496 quo
795 3428 889 3500 pacto
913 3428 1025 3485 autem
1050 3441 1165 3486 versus
1189 3427 1384 3486 restituendi
1407 3426 1476 3485 sint
1499 3424 1632 3485 difficile

355 3523 443 3584 dictu
473 3528 533 3584 est.
565 3524 709 3586 Priorem
741 3526 878 3586 desiisse
908 3527 941 3586 in
968 3523 998 3598 ἕξ
1022 3528 1105 3587 satis
1128 3527 1307 3604 probabile,
1333 3527 1389 3587 sed
1413 3527 1631 3601 posteriorem

356 3641 419 3684 non
443 3627 549 3700 magis
572 3627 732 3701 corrigere
754 3643 890 3702 possum
915 3643 1015 3702 quam
1038 3629 1145 3702 poluit
1168 3628 1327 3690 Meinelre.
1352 3629 1422 3688 Hoc
1442 3629 1537 3688 video
1557 3627 1630 3687 arli-

355 3726 427 3788 oulo
449 3727 557 3787 locum
582 3742 647 3787 non
672 3743 755 3788 esse.

311 3874 481 3960 Stephani
506 3879 545 3938 lr.
571 3880 602 3937 4.

577 3981 609 4036 Β.
633 3977 674 4050 εἷς
697 3977 747 4049 τὰς
766 3973 920 4051 Ῥοδιακὰς
945 3978 1012 4052 ὅλος
1036 3978 1215 4060 ἀπηνέχθην
1240 3979 1296 4060 ἐγὼ

633 4077 682 4138 καὶ
706 4079 775 4151 τοὺς
799 4079 948 4158 ἐφήβους,
970 4083 1088 4160 Σωσία,
1110 4083 1179 4154 τοὺς
1205 4083 1418 4162 δυσχερεῖς.

355 4180 415 4254 Qui
445 4180 589 4254 loquitur
617 4181 716 4242 homo
743 4182 924 4243 dissolutus
948 4184 1029 4245 nibil
1054 4186 1189 4245 curabat
1212 4186 1277 4246 nisi
1300 4187 1416 4261 pocula
1439 4190 1473 4247 et
1496 4201 1627 4262 pueros,

356 4297 420 4341 non
443 4297 648 4359 morosos
681 4285 805 4359 opinor,
838 4288 870 4345 et
901 4286 1125 4363 difficiles,
1151 4289 1208 4348 sed
1232 4288 1350 4348 leves
1372 4289 1627 4363 facilesque,

355 4383 465 4455 itaque
507 4387 620 4459 poetae
663 4386 860 4446 reddiderim
904 4385 1086 4464 εὐχερεῖς.
1129 4390 1273 4464 Utroque
1316 4389 1478 4450 adieetivo
1515 4390 1627 4451 comici

355 4486 503 4544 utuntur.

311 4629 493 4698 Stratonis
515 4635 554 4695 fr.
582 4638 611 4711 1,
636 4637 665 4696 3.
697 4635 827 4713 συοΐημι.
860 4639 907 4698 Bl.
942 4639 1019 4715 ,Qu
1044 4649 1169 4717 συνῆκα.
1202 4643 1331 4702 vocalis
1355 4657 1364 4700 z
1389 4645 1626 4719 correptionem

355 4749 420 4796 non
453 4735 624 4796 miraberis
654 4737 686 4795 in
712 4753 749 4796 eo
773 4739 827 4811 qui
853 4740 996 4800 mediam
1021 4742 1053 4802 in
1077 4742 1146 4802 θύω
1171 4745 1306 4818 corripit
1330 4760 1382 4804 vv.
1411 4746 1461 4805 19.
1487 4747 1563 4806 20”.
1590 4779 1626 4789 -

355 4835 410 4896 VS.
436 4837 465 4896 ὅ.
497 4835 592 4909 εὐθύς
615 4831 642 4913 μ’
668 4835 838 4915 ἐπηρώτησε
861 4840 1053 4918 προσβλέψας
1078 4842 1159 4922 μέγα.
1192 4847 1312 4906 Utrum
1336 4845 1534 4923 προσβλέπειν
1557 4844 1628 4926 μέγα

355 4937 538 5012 significare
569 4942 690 5014 potest,
723 4940 807 5014 quod
840 4955 899 5000 nos
931 4943 1071 5004 dicimus
1094 4948 1260 5021 magnis
1284 4947 1419 5007 oculis
1442 4946 1626 5022 aliquem

356 5040 592 5114 adspicere,
629 5041 722 5100 cuius
757 5057 837 5100 usus
873 5044 1026 5118 exempla
1061 5062 1115 5105 me
1146 5047 1314 5123 deficiunt,
1348 5063 1389 5108 an
1419 5049 1531 5123 potius
1557 5047 1627 5126 μέγα
