3778 5796
976 509 996 567 8
1062 481 1065 486 .

372 697 470 758 Serae
492 697 619 757 formae
642 701 722 758 sunt
743 697 924 776 λυχνόακιον
947 698 981 757 et
1003 698 1245 774 λοχνακιεῖσναι.
1273 695 1344 757 Vid.
1372 696 1515 757 Lexicon
1535 709 1646 756 meum

371 797 477 872 suppl.
499 800 533 858 et
555 798 630 860 dial.
654 815 685 874 p.
709 796 785 860 508.

327 901 377 960 llr.
404 900 478 961 230.
503 900 540 959 In
563 899 681 960 Koclrii
704 900 787 960 coni.
812 915 888 960 curn
913 900 961 960 Bl.
986 899 1102 959 malim
1126 899 1243 975 βροιων
1266 914 1324 974 pro
1347 901 1473 978 βροτοῖς.

327 1001 378 1061 Fr.
404 1002 479 1062 233.
503 1002 591 1062 Ante
614 1001 663 1061 Bl.
687 1001 776 1061 suasi
801 998 883 1076 παρὰ
906 999 1158 1069 ναυτοδίκας.

325 1103 378 1163 Fr.
403 1103 478 1164 235.
503 1100 672 1179 ίλήλνθμεν
695 1118 727 1164 v.
751 1103 772 1164 l.
797 1106 886 1163 recte
909 1103 1026 1178 probat
1049 1102 1098 1163 Bl.
1124 1103 1245 1163 Forma
1267 1099 1411 1180 ίλήλομεν
1434 1118 1477 1163 ex
1500 1099 1648 1179 ἐληλύθα-

370 1232 423 1287 μεν
454 1225 472 1270 ο
495 1210 604 1271 radice
633 1214 710 1270 τινα
732 1211 824 1270 nasci
847 1224 913 1270 non
935 1211 1054 1285 potuit.
1080 1207 1125 1270 cf.
1151 1207 1331 1285 ἐπέπιθμεν,
1353 1207 1480 1288 ἔοιγμεν.

325 1312 377 1372 Fr.
409 1312 485 1393 238,
510 1311 528 1370 2
551 1301 627 1390 ἦγον
645 1327 704 1387 pro
721 1305 801 1390 ελχον
819 1327 893 1386 ego,
915 1311 1075 1386 probante
1095 1312 1162 1386 Bl.;
1186 1327 1233 1372 vs.
1250 1313 1270 1373 3
1294 1327 1356 1386 ego
1375 1315 1492 1387 postea
1511 1305 1647 1394 ἡόνλόγφ

368 1415 473 1493 (φοιῖί)
497 1413 589 1495 σοφίρι
612 1422 767 1492 φρενῶν
790 1413 963 1497 (corrippo.
991 1413 1117 1474 Ibidem
1143 1416 1375 1489 αεριτκοκαλλεῖς
1401 1412 1462 1488 BL,
1494 1411 1551 1487 qui
1572 1412 1647 1490 ipse

369 1517 508 1577 coniecit
530 1511 680 1595 ἁόνλόρον
704 1514 813 1591 σοφίας
836 1513 932 1575 κλέα
955 1536 985 1574 κ.
1009 1516 1116 1575 Locus
1141 1515 1197 1574 vix
1216 1513 1384 1576 sanabilis.

324 1619 376 1682 Fr.
400 1619 474 1694 239,
503 1621 518 1678 1
551 1633 609 1693 pro
640 1615 744 1677 ἐθάκει
773 1617 822 1680 Bl.
846 1614 955 1689 ἔκειτο,
985 1617 1070 1691 quod
1099 1632 1197 1677 nemo
1219 1616 1375 1677 librarius
1398 1616 1448 1677 sic
1469 1617 1647 1676 mutasset.

366 1720 628 1781 Amantissimus
658 1723 772 1782 autem
803 1723 855 1781 est
878 1719 1032 1780 Cratinus
1058 1718 1291 1780 vocabulorum
1315 1719 1532 1795 poeticorum,
1565 1732 1648 1792 quae

366 1824 538 1898 praeterea
560 1823 683 1897 optime
707 1823 909 1885 conveniunt
933 1823 1134 1896 anapaestis.

322 1924 373 1984 Fr.
408 1923 482 1997 241,
517 1925 545 1983 1.
587 1923 684 1998 Soph.
719 1924 766 1985 El.
804 1925 867 1985 196
907 1923 995 1984 male
1037 1921 1178 1984 conferri
1221 1926 1334 1983 monet
1369 1920 1482 1982 Nauck
1520 1920 1648 1993 ,weder

365 2025 553 2086 uberliel'ert
587 2026 672 2086 noch
695 2027 873 2100 zulassig.”
900 2059 940 2070 -
965 2025 1021 2086 Vs.
1049 2026 1078 2086 2.
1103 2023 1261 2085 κννόαιόα
1285 2026 1400 2085 contra
1430 2023 1648 2098 exspectatio-

366 2141 443 2186 nem
467 2126 595 2186 dictum
617 2128 670 2187 est
692 2143 750 2203 pro
773 2125 961 2187 noceamus.

322 2229 373 2288 Fr.
399 2227 475 2288 344.
501 2227 586 2289 Plut.
610 2243 700 2304 prov.
721 2232 784 2290 etc.
806 2230 842 2291 0.
860 2228 994 2290 Cresius
1017 2229 1057 2304 ,i.
1071 2245 1099 2288 e.
1120 2225 1646 2296 zenobiusci.Athen.‚11160”.

322 2331 374 2390 ar.
400 2331 474 2390 245.
498 2335 668 2406 περινοστεῖ
685 2347 743 2408 pro
766 2341 924 2413 περιφοικᾷ
952 2345 1016 2391 non
1041 2331 1129 2391 maie
1152 2331 1200 2391 Bl.

324 2433 375 2492 ir.
401 2432 475 2508 250,
502 2433 532 2492 2.
558 2432 606 2492 Bi.
638 2432 792 2511 χοιδάριον
815 2429 908 2492 ἕλκων
937 2435 1012 2507 [τῆς]
1037 2431 1151 2510 τρυγός.
1182 2433 1227 2492 nt
1249 2432 1359 2506 ipsum
1383 2430 1499 2491 vinum
1524 2425 1650 2500 ἕλκεται,

367 2549 433 2595 non
465 2534 648 2596 vasculum.
681 2535 743 2596 Sed
774 2535 916 2595 fortasse
946 2531 1072 2609 οίναρον
1102 2535 1318 2609 depravatum
1343 2534 1396 2593 est
1418 2532 1585 2607 glossema
1608 2544 1648 2590 sx

368 2633 505 2711 οἰνάριον
522 2638 664 2711 (vappa),
685 2639 723 2696 ut
737 2635 852 2696 fuerit:
872 2628 930 2708 μετ’
950 2630 1025 2711 ἐμοῦ
1038 2634 1139 2714 διῆρες
1155 2626 1218 2700 <pl
1238 2627 1335 2710 μέλ’,>
1352 2630 1445 2692 ἕλκοιο
1464 2640 1515 2708 τῆς
1534 2630 1649 2711 τρυγός.

368 2735 415 2796 Ol.
440 2736 672 2812 Aristophanis
694 2737 733 2797 fr.
761 2737 833 2812 109,
856 2736 876 2796 3
901 2734 1053 2796 διελκύσαι
1076 2743 1126 2812 τῆς
1150 2735 1266 2814 τρυγός.

323 2837 375 2898 Fr.
400 2837 474 2898 252.
500 2836 546 2898 Ol.
571 2831 647 2896 τοῦτ’
674 2835 748 2897 αὐτὸ
770 2835 887 2914 πράττω
912 2835 1079 2912 Aristoph.
1103 2837 1144 2898 ir.
1167 2839 1221 2911 44,
1250 2838 1278 2897 1.

323 2939 374 2998 Fr.
401 2939 465 2998 253
489 2937 559 3009 ἴσως
583 2954 641 2999 our
663 2953 785 2999 sanum
807 2937 955 3012 nonsit,
984 2936 1072 2998 haud
1102 2937 1274 3012 perspicio.
1300 2937 1363 3012 Bl.,
1388 2935 1461 2998 coll.
1486 2937 1542 2996 Ar.
1566 2934 1647 2994 neu.

369 3040 448 3114 933,
472 3047 585 3114 ψοφῶν
610 3043 667 3100 aut
691 3043 791 3114 ψοφεῖ
809 3036 971 3098 violenter
993 3040 1113 3099 tentat.

321 3142 373 3202 llr.
398 3141 473 3201 254.
498 3141 546 3202 Bl.
571 3139 629 3200 ἔδει
653 3136 790 3218 ιταρίχειν
807 3135 898 3202 (ἂν)
920 3137 982 3198 ὅτι
1004 3161 1047 3211 τις
1070 3132 1176 3211 εὔξαιτ’
1203 3136 1345 3217 ίμβραχά.
1371 3139 1500 3214 MeliUS,
1522 3139 1646 3213 opinor,

366 3239 404 3300 όν
438 3242 635 3302 inseruisset
669 3244 744 3318 post
774 3241 790 3302 ό
821 3264 847 3300 τι
877 3242 929 3302 vel
960 3247 1035 3317 post
1056 3264 1117 3316 τις,
1147 3240 1205 3301 sed
1229 3244 1318 3302 recte
1344 3239 1445 3302 Cobet
1469 3239 1528 3300 ἔδει
1551 3258 1648 3315 καρα-

369 3347 450 3422 σχεῖν
473 3340 530 3403 κτὲ.

324 3445 375 3504 Fr.
406 3445 481 3506 255.
520 3443 610 3506 Goni.
643 3460 754 3505 meam
785 3446 903 3520 probat
931 3445 979 3506 Bl.
1011 3444 1099 3506 Nihil
1131 3447 1245 3506 autem
1277 3443 1407 3504 facilius
1434 3443 1518 3517 perit
1549 3457 1648 3516 quarn

366 3549 484 3607 notum
506 3547 592 3621 sigla
616 3547 707 3608 vocis
730 3545 818 3606 ἐστιν.
842 3547 931 3624 Quod
955 3561 1073 3608 moneo
1097 3547 1230 3622 propter
1252 3544 1427 3606 Koclrium.

324 3648 376 3708 Fr.
401 3649 476 3709 257.
512 3648 710 3723 suspectum
744 3649 829 3708 milri
862 3647 1037 3724 ἐφθάρη,
1070 3649 1148 3723 quia
1178 3662 1242 3708 non
1273 3649 1325 3707 est
1356 3644 1535 3720 probabilis
1569 3647 1650 3704 naec

368 3763 469 3810 causa
490 3751 620 3811 mortis.
645 3751 763 3832 Latere
784 3752 863 3825 puto
887 3749 1053 3810 senarium
1078 3750 1203 3809 hunos:

624 3848 729 3927 ἔφθη
754 3850 880 3926 μαρίλης
903 3847 958 3926 τὴν
982 3848 1105 3927 φάρυγα
1129 3844 1222 3906 τελέαν
1246 3845 1329 3926 ἔχων.

324 3950 376 4010 ir.
409 3951 484 4012 259.
515 3950 565 4012 Βλ.
600 3950 798 4029 βαρύφωνος,
827 3949 1019 4030 μεγάφωνος,
1052 3947 1249 4026 πολύφωνος,
1282 3947 1470 4027 τορόφωνος,
1504 3944 1649 4029 ὀλοφῷος.

369 4052 473 4128 Elige,
498 4055 635 4128 quaesol
657 4053 776 4128 Quidni
794 4053 991 4130 λιγύφωνοςῖ
1010 4050 1105 4111 Certe
1124 4049 1307 4128 βαρύφωνος
1326 4051 1435 4126 gallus
1446 4050 1649 4125 gallinaceus

368 4153 518 4214 miraculi
550 4158 601 4215 est
631 4155 747 4214 instar.
778 4154 848 4214 Non
879 4153 1040 4213 traditum
1075 4147 1243 4226 ὁλόφωνος,
1278 4152 1334 4212 sed
1366 4147 1521 4224 ὁλόφωνος
1552 4149 1648 4224 (quod

368 4256 499 4315 numeri
521 4257 653 4329 vetant,
678 4269 739 4315 nec
762 4250 829 4325 όλός
849 4254 1010 4316 Graecum
1031 4267 1104 4313 esse
1128 4268 1185 4328 pro
1206 4249 1292 4324 όλοός
1312 4252 1408 4314 facile
1425 4253 1540 4313 credas
1559 4251 1594 4311 li.
1607 4249 1647 4310 M.

370 4357 444 4433 622,
469 4360 524 4428 45)
553 4359 727 4418 teterrima
757 4356 865 4417 bestia
893 4356 1035 4416 nimium
1066 4369 1165 4430 saepe
1195 4355 1278 4414 milri
1308 4355 1382 4414 visa
1412 4357 1463 4414 est
1486 4351 1593 4422 νυκτὸς
1617 4349 1649 4410 ἐν

369 4467 472 4540 μακρῷ
502 4456 598 4542 χρόνῳ
629 4457 873 4538 διαγρυπνοῦντι.
898 4458 1051 4517 Fortasse
1075 4451 1211 4539 όλοφςοος
1234 4471 1299 4516 non
1323 4455 1453 4516 malea
1477 4454 1649 4528 Blaydesio

371 4559 556 4620 coniectum
580 4561 642 4620 est.

325 4659 530 4720 Horarum
564 4658 759 4735 fragmentis
793 4661 842 4722 Bl.
879 4661 954 4721 addi
984 4657 1075 4720 iubet
1106 4658 1208 4719 schol.
1241 4657 1320 4719 Ven.
1353 4658 1394 4717 ad
1425 4657 1521 4732 vesp.
1553 4654 1648 4716 1187.

369 4758 544 4838 Ἀνδροκλέα
585 4755 617 4819 δὲ
653 4761 800 4837 Κρατῖνος
844 4759 1002 4839 Σεριφίοις
1041 4755 1116 4835 φησλ
1152 4759 1262 4817 δοῦλον
1296 4754 1347 4817 καλ
1380 4755 1510 4834 πτωχόν,
1551 4752 1583 4814 ἒν
1617 4749 1649 4813 δὲ

366 4855 469 4941 Ὠραις
498 4856 680 4939 ἡταιρηκότα
710 4854 782 4939 ἆρα
814 4861 901 4932 (Ald.
931 4858 1050 4936 αὐτὸν),
1082 4859 1139 4920 ubi
1169 4859 1276 4933 Bergk
1307 4862 1341 4921 et
1366 4859 1461 4920 Dind.
1490 4861 1649 4936 Ἀριστο-

370 4963 501 5040 φάνης
520 4962 572 5023 ιὸν
591 4961 692 5023 αὐτόν·
712 4961 769 5024 κτὲ.
787 4965 1011 5038 coniecerunt,
1032 4962 1103 5038 ipse
1122 4961 1171 5022 Bl.
1185 4976 1301 5037 parum
1315 4961 1455 5021 feliciter
1472 4959 1650 5037 αἰσχρῶς,

370 5064 463 5139 quasi
488 5080 566 5126 vero
595 5066 693 5137 καλῶς
723 5065 756 5126 id
786 5063 858 5126 fleri
887 5063 1041 5140 potuerit.
1066 5063 1100 5123 31
1124 5064 1225 5138 igitur
1248 5062 1372 5124 Cratini
1394 5063 1455 5123 hoc
1478 5064 1537 5137 sit,
1561 5060 1650 5122 aliud
