3718 5788
799 453 860 514 195

212 635 262 694 als
296 637 532 700 wonderlich”.
564 639 604 699 Et
627 640 713 700 unde
736 655 857 713 quaeso
881 640 966 700 hanc
993 639 1158 701 urinam
1182 639 1320 701 ciendi
1344 639 1412 701 vim
1436 645 1489 700 τοῦ

212 736 342 812 popiano
374 737 460 799 αἴνου
491 743 652 802 noverat?
687 742 776 802 Meae
813 741 1022 817 suspicionis,
1059 757 1145 816 quae
1173 742 1290 802 nititur
1321 743 1492 802 simillime

213 838 412 913 antiphonis
435 842 473 902 ir.
503 844 576 918 150,
609 843 681 904 sive
704 845 875 918 ingeniosa
897 845 966 919 est,
991 846 1028 903 ut
1049 843 1215 904 iudicabat
1238 844 1396 920 Mainake,
1421 847 1492 906 sive

212 954 277 1000 non
313 945 378 1017 est,
415 948 451 1003 ut
485 944 609 1005 Koclrio
644 944 825 1021 videbatur,
861 945 1008 1006 nondum
1043 960 1097 1005 me
1131 946 1291 1020 poenitet,
1324 961 1384 1007 nec
1418 962 1491 1007 eam

213 1044 341 1103 mutem
365 1043 583 1118 Blaydesiana
607 1046 737 1123 διψηρὸς
756 1043 888 1123 ἀτόπως,
913 1048 989 1120 quia
1010 1045 1139 1123 διψηρὸς
1159 1049 1192 1107 et
1211 1046 1313 1119 δίψιος
1332 1047 1492 1108 sitiens

213 1141 415 1218 significant,
441 1161 504 1206 non
536 1147 655 1207 sitim
685 1149 885 1209 excitans
916 1150 974 1208 aut
996 1147 1118 1208 sitim
1142 1149 1436 1224 restinguens,
1462 1150 1496 1208 et

214 1239 327 1303 ἄτοπον
352 1245 481 1307 videtur
503 1245 655 1319 ιἰτόποις
678 1249 803 1310 dictum
827 1265 884 1324 pro
908 1248 1005 1326 πάνυ,
1030 1247 1123 1325 μάλα,
1146 1249 1272 1327 σφόδρα.

172 1438 372 1510 llamoxeni
396 1447 434 1507 ir.
460 1449 490 1523 2,
516 1452 546 1509 4.

460 1543 572 1608 τάλαντ’
599 1547 655 1627 ἐγώ
679 1567 741 1609 σοι
765 1550 1054 1611 κατεπύκνωσα
1077 1548 1205 1626 τέτταρα.

216 1647 382 1721 Quomode
414 1651 703 1712 condensandi
734 1653 823 1712 notio
854 1653 887 1713 in
919 1651 1186 1727 dilapidandi
1210 1653 1380 1713 notionem
1406 1653 1495 1714 abire

214 1751 357 1824 potuerit
388 1767 451 1812 non
484 1753 591 1827 magis
621 1756 743 1829 exputo
773 1768 873 1828 quam
902 1751 961 1830 Bl,
987 1754 1039 1814 cui
1062 1754 1182 1814 merito
1205 1756 1359 1828 suspecta
1382 1757 1433 1814 est
1457 1770 1496 1815 ea

214 1850 322 1911 lectio.
346 1851 457 1914 (ionici
480 1857 604 1929 potest:

373 1949 486 2012 τάλαντ’
513 1951 569 2035 ἐγὼ
592 1955 878 2033 κατεσπάθησα
902 1954 1144 2032 (κατηνάλωσαλ)
1170 1951 1298 2029 τέτταρα.
1388 2025 1394 2036 .

217 2055 351 2111 Σταθᾱν
387 2058 422 2116 et
456 2057 541 2131 apud
576 2059 719 2132 seriores
750 2061 951 2116 ναιαστιαθᾶν
990 2073 1026 2118 eo
1058 2071 1157 2117 sensu
1188 2056 1251 2116 dici
1283 2059 1398 2117 notum
1434 2060 1495 2118 esi.

217 2153 401 2216 Pronomen
437 2172 483 2216 σοι
513 2174 714 2232 quamquam
745 2158 822 2219 ferri
846 2162 968 2234 potest,
1001 2158 1141 2218 hicnon
1165 2142 1371 2234 expectatur,
1396 2174 1496 2233 quare

218 2255 334 2316 Bothio
359 2258 392 2317 in
416 2280 460 2318 τοι
483 2261 605 2322 lminus
628 2262 740 2320 tamen
764 2262 864 2330 recte)
889 2260 1087 2320 mutandum
1112 2260 1295 2320 videbatur.
1319 2293 1357 2304 -—
1383 2260 1439 2320 Vs.
1465 2263 1495 2320 6.

221 2356 379 2419 Headlam
403 2357 556 2432 ιάνεῖνας;
579 2363 615 2418 Α.
640 2359 696 2420 οὐκ
719 2355 829 2444 ᾔδησθ’
857 2359 916 2432 ὅτις
939 2361 1072 2436 propius
1094 2361 1134 2420 ad
1157 2360 1278 2421 codicis
1297 2361 1495 2436 scripturam

218 2475 315 2533 quem
346 2461 511 2537 Hirschig.
538 2496 577 2505 —
603 2462 658 2522 Vs.
686 2464 737 2524 13.
762 2463 861 2523 Recte
886 2463 1048 2523 Athenaei
1073 2463 1121 2523 ed.
1147 2463 1221 2523 Bas.
1249 2463 1438 2541 Δημοκρίτου
1461 2461 1497 2521 τὰ

219 2562 314 2620 πάντα
356 2577 414 2638 pro
450 2562 637 2642 Δημόκριτόν
678 2585 708 2622 τε
742 2564 848 2622 πάντα.
882 2597 921 2607 -
956 2564 1010 2625 Vs.
1049 2566 1099 2624 14.
1136 2567 1247 2639 μᾶλλον
1283 2558 1315 2622 δὲ
1344 2559 1492 2642 κατέχοντ’

224 2659 405 2743 <ἆγνοοῦντ’
443 2661 653 2743 linteamen>
682 2665 814 2742 supplet
837 2666 928 2726 Kock
952 2667 1033 2728 Mus.
1057 2667 1160 2726 Rhen.
1188 2667 1272 2726 1888
1296 2683 1326 2742 p.
1351 2668 1427 2727 618.
1453 2700 1491 2707 —

219 2764 274 2826 Vs.
302 2766 352 2827 16.
385 2766 485 2827 Recte
515 2767 603 2828 idem
635 2765 672 2826 ἐν
696 2775 761 2844 τῆς
787 2767 949 2845 διατριβῆς.
973 2799 1017 2808 -
1040 2768 1096 2828 Vs.
1125 2769 1173 2827 19.
1199 2767 1360 2828 Headlam
1385 2783 1439 2828 me
1463 2771 1494 2828 et

219 2865 342 2928 Kockio
376 2867 505 2928 felicius
539 2865 673 2928 συνιέναι
704 2884 761 2943 pro
793 2865 975 2945 συνειδέναι,
1009 2870 1117 2944 posito
1146 2868 1391 2944 hypostigmate
1421 2872 1496 2945 post

218 2965 300 3038 θέρει
323 2973 384 3039 (vs.
411 2970 472 3039 18).
488 3004 527 3013 —
548 2970 604 3030 Vs.
630 2972 682 3031 20.
707 2970 769 3030 Pro
793 2968 886 3030 κακὸν
911 2970 1002 3032 Kocll
1026 2970 1046 3032 l.
1071 2969 1092 3030 l.
1117 2968 1211 3028 πόλον
1238 2970 1334 3045 (quod
1357 2970 1495 3031 articulo

221 3070 274 3132 vix
310 3073 439 3146 poterat
469 3077 590 3143 carere)
620 3075 678 3132 aut
706 3068 806 3146 ἀτμῶν
837 3071 1142 3144 (Lusistromingen)
1170 3071 1353 3145 proposuit,
1379 3087 1427 3132 vs.
1453 3072 1493 3131 31

219 3172 383 3233 coniciens
417 3167 529 3250 ἠλίβατ’
565 3171 597 3232 ἒν
639 3171 829 3251 ἀνθρώποισι
863 3169 1064 3248 τάλλοιώματα
1085 3155 1149 3242 (ll).
1184 3171 1299 3231 Melius
1334 3170 1494 3232 Headlam

219 3271 311 3332 κακὸν
332 3277 336 3344 Ι
359 3269 507 3351 ἠλίβατον.
542 3277 573 3332 Β.
606 3265 640 3334 εὖ
669 3268 693 3354 γ’
724 3271 876 3350 ἄνθρωπε.
911 3277 945 3332 Α.
968 3271 1174 3348 κάλλοιώματα
1195 3270 1200 3347 Ι
1223 3269 1254 3330 ἐν
1281 3277 1344 3344 ταῖς
1370 3278 1495 3350 τροφαῖς

219 3381 339 3432 noreio
373 3373 443 3442 ντὲ..
477 3391 560 3450 quae
594 3376 745 3436 sollerter
776 3377 965 3450 excogitata
996 3377 1029 3435 et
1059 3374 1201 3434 iortasse
1229 3387 1307 3434 vera
1333 3376 1421 3434 sunt.
1453 3407 1493 3418 -

220 3475 274 3536 Vs.
301 3477 353 3537 28.
391 3479 554 3552 Anaxippi
585 3478 740 3554 fr.1,47
766 3478 821 3538 cit.
853 3477 1005 3551 Blaydes.
1032 3510 1071 3519 -
1097 3474 1153 3535 Vs.
1186 3476 1226 3535 31
1260 3491 1308 3549 sq.
1339 3474 1420 3536 Ellis
1443 3491 1494 3550 ap.
1537 3505 1542 3512 ·

220 3579 268 3639 Bl.
292 3578 398 3658 χυμός,
421 3576 497 3658 λέγει
518 3579 704 3658 Δημόκριτος
723 3613 764 3621 -
779 3581 811 3638 Β.
831 3576 921 3638 οὐδὲν
944 3587 1066 3656 πρᾶγμα
1087 3574 1122 3634 τὰ
1142 3576 1147 3653 Ι
1168 3575 1337 3654 γιγνόμενα.
1361 3580 1397 3635 Α.
1418 3581 1501 3636 ποιεῖ

219 3677 270 3738 τὸν
293 3675 415 3759 φαγόντ’
442 3679 625 3758 ἀρθριτικόν.
640 3716 680 3725 -
694 3681 854 3741 Headlam
878 3681 984 3741 eidem
1016 3692 1174 3755 personae
1198 3677 1278 3737 haec
1301 3679 1496 3738 continuans

220 3780 253 3842 in
287 3783 476 3857 parenthesi
499 3783 592 3857 ponit
616 3781 715 3842 verba
744 3776 835 3840 οὐδὲν
860 3814 900 3825 -
924 3780 1093 3859 γιγνόμενα.
1122 3779 1213 3840 Kock
1236 3779 1299 3841 1.1.
1327 3779 1495 3856 „corrupt

221 3881 282 3944 Der
313 3884 392 3944 Sinn
423 3883 566 3945 scheint:
599 3883 656 3943 der
687 3883 835 3943 einzelne
867 3882 938 3943 Seli
968 3897 1008 3943 sn
1040 3882 1110 3942 sich
1134 3882 1211 3941 tout
1235 3882 1296 3942 den
1321 3882 1494 3942 Mensohen

220 3985 309 4045 nicht
344 3999 382 4045 so
415 3985 492 4045 sehr
527 3985 674 4046 Sotaden
709 3985 773 4045 wie
807 3984 858 4044 ule
894 3984 1065 4059 Mischung
1099 3999 1163 4044 von
1197 3983 1370 4043 mehreren
1405 3982 1498 4042 nieht

220 4086 671 4147 zusammenstimmenden'’.
686 4119 726 4128 —
740 4085 796 4146 Vs.
811 4087 863 4146 36.
884 4085 985 4145 Recte
1005 4085 1166 4146 Headlam
1187 4081 1237 4142 eci
1257 4093 1315 4154 πᾶς
1341 4077 1439 4161 <y'>.
1453 4115 1495 4126 -

221 4186 275 4247 Vs.
301 4188 353 4247 39.
378 4187 469 4248 Kock
491 4188 513 4247 l.
536 4187 557 4247 l.
588 4181 768 4265 πρόσπαρδ’.
802 4185 898 4262 lile,
918 4179 922 4264 Ι
944 4184 983 4256 ὥς
1014 4207 1064 4261 μοι
1088 4183 1242 4263 κέχρησαι,
1265 4184 1348 4258 quod
1375 4183 1494 4259 placet,

220 4294 253 4348 et
282 4303 332 4349 VS.
358 4290 400 4349 43
424 4287 565 4367 εὐστόχον
595 4283 665 4369 (pro
689 4286 835 4365 εὐψύχου)
859 4284 969 4364 τέχνης.
995 4321 1034 4330 -
1059 4287 1115 4347 Vs.
1141 4287 1194 4347 48.
1220 4285 1378 4347 Headlam
1405 4281 1496 4362 ἁρμο-

219 4387 314 4460 νικός,
348 4387 385 4448 οὐ
419 4393 488 4465 (pro
519 4381 554 4459 sl)
585 4389 722 4468 μάγειρος
752 4389 862 4448 nescio
894 4403 935 4447 all
960 4392 1058 4448 recte.
1087 4421 1126 4430 —
1152 4388 1207 4447 VS.
1232 4390 1285 4448 61.
1311 4387 1375 4446 Sub
1400 4385 1496 4460 σοφόν

219 4490 343 4551 chlrio
373 4490 439 4551 1.1.
474 4491 577 4551 latere
619 4491 747 4551 videtur
781 4505 847 4550 vox
878 4489 988 4562 aliqua
1018 4505 1058 4549 ex
1091 4489 1281 4548 harmonica
1311 4489 1425 4562 petita.
1455 4521 1495 4532 -

219 4590 274 4652 Vs.
299 4593 352 4653 68.
378 4592 517 4667 Blaydes
540 4585 606 4650 οὐδ’
633 4587 671 4648 liv
695 4588 802 4668 ἑτέραις
825 4589 888 4660 (vel
912 4587 998 4673 ἑτέρῳ
1021 4585 1058 4668 γ’)
1082 4587 1120 4647 ἂν
1144 4589 1225 4648 δοῖεν
1249 4589 1288 4649 ob
1308 4592 1496 4664 suspectam

218 4693 294 4768 sibi,
314 4693 372 4754 sed
391 4695 424 4752 in
445 4693 505 4753 hoc
525 4695 621 4767 poeta
636 4693 778 4752 sortasse
790 4707 854 4752 non
867 4692 1135 4766 suspectandam,
1150 4691 1292 4751 formem
1306 4690 1440 4766 δοίησαν.
1456 4723 1495 4734 -

219 4793 365 4868 Denique
396 4794 487 4855 Koek
510 4795 531 4855 1.
556 4794 576 4854 1.
601 4796 666 4854 615
697 4793 799 4854 totius
829 4793 1007 4867 fragmenti
1032 4808 1097 4853 vss.
1128 4794 1177 4852 sic
1200 4792 1420 4867 disponendos
1443 4807 1496 4866 pu·

219 4896 312 4956 tabat
346 4899 446 4970 1-o;
480 4896 628 4970 62—75;
662 4896 789 4969 6-42;
823 4897 968 4968 55-58;
995 4896 1143 4955 43-48:
1170 4897 1320 4968 56-61;
1346 4894 1496 4964 49-54;

218 4999 269 5058 68.
296 4997 383 5074 Quos
406 5000 477 5058 tem
501 4997 622 5058 misere
645 4998 801 5057 traiectos
825 4997 927 5057 luisse
951 4997 1024 5070 quis
1047 5011 1169 5070 quaeso
1193 4996 1254 5056 sibi
1278 4995 1498 5071 persuadeat?
