3718 5788
830 330 892 389 201

401 509 502 572 πάντ’
529 511 719 594 ἠγνόουν,
742 515 774 575 τὸ
797 515 900 592 καλόν,
922 513 955 574 τὸ
979 512 1098 591 σεμνόν,
1122 512 1270 593 τάγαθόν,
1297 509 1374 589 (ἢ)

401 615 433 675 τό
458 615 560 676 κακόν·
583 614 640 676 arf.

250 715 412 776 Headlam
445 718 500 777 cit.
530 718 607 778 Hor.
631 718 687 794 Ep.
712 720 726 778 I
752 721 780 794 2,
807 721 844 793 33
869 718 960 794 Diog.
985 720 1020 779 L.
1044 718 1104 777 VII
1132 720 1158 794 1,
1184 719 1236 778 98.
1264 751 1302 761 —
1329 717 1382 776 Vs.
1409 718 1427 773 0
1452 731 1521 787 sqq.

248 817 297 876 sie
319 818 526 893 scripserim:

467 928 525 979 νῦν
549 915 577 978 δ’
604 915 713 981 ἐνθάδ’
740 919 850 998 ἐλθών,
873 921 970 1000 ὥσπερ
995 920 1036 992 εἰς
1062 926 1240 998 Ἀσκληπιοῦ

403 1021 443 1080 10
467 1017 784 1099 ἒγιιοτοιιλινείς,
808 1020 855 1092 ὡς
878 1023 976 1099 ἴστε,
1000 1017 1069 1100 μετ’
1098 1019 1234 1101 ὀλίγον
1258 1020 1366 1099 χρόνον

465 1119 665 1201 ἀναβεβίωκοι·
688 1133 854 1203 περιπατῶ,
876 1129 971 1200 λαλῶ,
993 1133 1106 1202 φρονῶ.

465 1221 531 1283 τὸν
554 1225 737 1302 τηλικούτων
761 1224 811 1285 καὶ
835 1226 979 1286 τοιούτων
1003 1224 1089 1303 ἣλιον

466 1332 539 1384 νῦν
563 1334 704 1386 τοῦτον
729 1325 840 1405 εὑρών,
863 1325 984 1405 ἄνδρες,
1008 1324 1040 1387 ἕν
1064 1336 1099 1410 τῇ
1122 1326 1249 1403 τήμερον

464 1425 542 1503 ὑμᾶς
566 1424 655 1505 ὁρῶ,
678 1427 743 1489 τὸν
767 1427 997 1509 ἀστερωπὸν
1021 1426 1231 1506 αἰθέραθ),

464 1526 519 1604 τὴν
543 1527 722 1608 ἀκρόπολιν,
745 1531 777 1590 τὸ
802 1528 931 1608 θέατρον
944 1577 1053 1589 ......

246 1625 278 1683 in
301 1626 418 1698 quibus
438 1628 557 1690 ultima
574 1632 737 1706 sagaciter
756 1648 797 1692 ex
814 1633 943 1693 traditis
966 1653 1087 1710 ορωτο
1108 1655 1179 1690 νον
1202 1649 1331 1706 νσιραι
1346 1629 1410 1688 τὸν
1427 1627 1520 1704 ἀέρα

247 1725 360 1786 elicuit
390 1728 565 1808 Headlam,
599 1733 671 1793 coll.
702 1733 777 1793 Eur.
802 1734 869 1793 Ion.
899 1734 992 1809 1079,
1020 1733 1107 1806 cycl.
1135 1734 1208 1805 211,
1234 1730 1307 1790 Hel.
1333 1731 1407 1804 242,
1433 1745 1518 1803 prae·

243 1830 334 1887 terea
356 1844 541 1904 proponens
564 1831 633 1904 τοὺς
657 1831 795 1908 ἀστέρας,
819 1834 870 1893 τὸν
895 1831 1012 1911 αἰθέρα.
1036 1834 1092 1894 Vs.
1121 1836 1170 1893 10.
1196 1834 1273 1908 Pap.
1300 1829 1521 1908 ἕγκατακιιθιί·

241 1928 347 1988 forma
381 1933 520 2008 tragica,
556 1948 614 2007 pro
650 1951 713 2009 qua
744 1937 905 1995 comicam
937 1936 1084 2010 restitui,
1118 1939 1264 1996 correcta
1293 1933 1392 1993 simul
1423 1933 1519 1992 inler-

243 2031 427 2102 punctione.
459 2033 563 2094 Prave
593 2037 680 2095 enim
713 2036 803 2096 Koclr
835 2036 998 2110 virgulam
1031 2036 1189 2096 omissam
1221 2039 1295 2109 post
1324 2033 1383 2092 ἴστε
1413 2034 1522 2108 posuit

242 2132 455 2209 ροο1χρόνον.
482 2170 522 2181 -
547 2136 603 2198 Vs.
631 2139 681 2198 12.
714 2138 829 2199 Nescio
853 2154 894 2198 an
919 2153 1038 2198 sanum
1069 2140 1113 2198 sit
1137 2136 1236 2214 ἥλιον,
1262 2150 1405 2211 proquo
1430 2134 1519 2194 Kock

243 2235 381 2294 coniecit
410 2230 531 2312 ἡδονῶν
562 2242 736 2307 (νυντοντον
766 2238 931 2314 refingens
964 2240 997 2300 iu
1028 2240 1193 2314 ξύνοικον),
1225 2254 1288 2313 quo
1311 2239 1443 2297 servato
1466 2235 1520 2310 τὴν

243 2339 368 2397 mutavi
391 2339 424 2397 in
447 2338 499 2399 τὸν
523 2343 556 2400 et
581 2364 742 2401 νοντοντον
764 2344 797 2402 in
818 2351 873 2401 νῦν
897 2351 1016 2417 τοῦτον,
1039 2342 1234 2414 intellegens
1258 2340 1396 2409 (Stoicae
1420 2337 1519 2412 plrilo·

242 2440 384 2513 sophiae)
408 2442 540 2502 solem
564 2459 703 2504 rerum
724 2440 941 2504 tantarum
966 2447 1006 2504 et
1029 2443 1194 2516 talium,
1220 2445 1342 2515 quanta
1362 2441 1395 2500 et
1414 2439 1519 2512 qualis

243 2543 293 2600 est
330 2544 472 2618 cognitio
507 2545 650 2621 pulchri,
686 2545 776 2620 boni,
814 2547 1004 2620 venerandi,
1041 2546 1227 2620 oppositum
1263 2542 1441 2616 caligini
1476 2538 1519 2610 (τὸ

245 2643 345 2715 σκότος
370 2661 417 2728 νο.
432 2648 478 2720 6),
498 2646 531 2705 in
552 2661 616 2719 qua
635 2645 733 2706 homo
754 2649 851 2706 antea
870 2647 977 2707 fuerat
997 2650 1158 2707 versatus.
1180 2645 1235 2704 Vs.
1252 2645 1301 2703 10.
1326 2640 1365 2713 ὡς
1386 2641 1444 2700 ἴστε
1461 2637 1516 2715 μετ’

241 2739 339 2822 ἀινρον
370 2761 427 2822 pro
458 2741 589 2805 ὡσνισθε
618 2750 759 2807 το1οτττον
789 2748 905 2808 Kockii
937 2752 988 2808 est
1012 2748 1201 2808 coniectura
1223 2747 1306 2806 salis
1329 2742 1518 2820 probabilia

242 2845 298 2905 sed
331 2855 448 2925 φρονῶ,
483 2849 566 2922 quod
602 2850 635 2908 in
667 2857 791 2926 φρονῶν
822 2850 988 2924 mutabat,
1021 2865 1095 2909 cum
1120 2849 1167 2909 Β1.
1192 2847 1412 2909 revocandum
1445 2861 1518 2906 esse

241 2950 361 3008 censui.
388 2982 427 2993 —
452 2949 508 3010 Vs.
533 2952 563 3011 6.
588 2951 775 3035 Notandum
798 2949 829 3010 τὸ
853 2950 970 3024 σκότος,
1001 2951 1085 3025 quod
1110 2950 1194 3025 apud
1222 2951 1350 3008 veteres
1374 2947 1517 3007 comicos

242 3051 273 3107 et
295 3052 438 3124 tragicos
461 3052 684 3113 masculinum
708 3067 782 3112 esse
806 3053 900 3113 solet.

201 3147 248 3208 Fr.
275 3151 345 3225 105,
368 3153 396 3211 2.
423 3152 597 3228 Raudium,
631 3153 703 3213 coll.
736 3153 902 3213 Menandri
927 3153 965 3212 fr.
987 3155 1063 3227 881,
1086 3155 1115 3228 2,
1141 3151 1279 3212 coniecit
1303 3144 1378 3226 ὑπὲρ
1402 3144 1514 3224 (μὲν)

241 3259 300 3309 τοῦ,
322 3286 360 3296 -
382 3253 498 3314 Koclrii
528 3255 795 3330 supplementum
821 3258 898 3315 ante
919 3270 966 3314 vs.
996 3257 1010 3314 l
1044 3256 1113 3314 iure
1137 3252 1300 3327 improbat
1319 3249 1444 3324 Nauck,
1470 3249 1517 3309 Bl.

241 3354 389 3428 proponit
411 3349 471 3412 ἀλλ’
497 3354 541 3414 ὅτι
564 3355 629 3425 (vol
649 3355 685 3425 erl
705 3365 847 3415 τοσοῦτον
867 3353 978 3414 ἐκπιεῖν
996 3354 1163 3430 δυνήσεται.
1179 3387 1219 3397 -
1233 3353 1288 3412 Vs.
1302 3357 1332 3411 4.
1346 3350 1516 3428 τοῦβο[1οῦ]

240 3454 369 3528 supplet
407 3455 582 3529 Headlam,
621 3457 692 3518 coll.
725 3457 841 3518 Eubuli
865 3458 903 3518 ir.
929 3459 981 3532 81,
1008 3460 1038 3519 5.
1065 3490 1105 3499 —
1130 3456 1186 3515 Vs.
1212 3457 1242 3515 8.
1275 3451 1417 3528 οἰκέ[την]
1443 3469 1516 3512 cum

240 3552 372 3632 Gooeto,
407 3560 466 3617 aul
499 3556 621 3629 οὐκέ[τι]
658 3559 706 3619 Β1.
742 3592 778 3602 -
816 3559 871 3618 Vs.
907 3560 946 3617 12
983 3574 1030 3632 sq.
1066 3560 1099 3616 Β.
1135 3556 1265 3625 laidem
1288 3555 1292 3631 Ι
1317 3548 1515 3631 <1τιόγισ>ἀ

239 3651 367 3733 ἀκριβῶς
391 3655 447 3717 κτὲ.
471 3659 632 3720 Headlam
658 3664 691 3720 et
712 3676 760 3720 vs.
777 3663 816 3720 13
833 3666 859 3718 A
872 3707 958 3719 .....
981 3660 1047 3732 [sik
1067 3656 1261 3737 ἀια[τ]ροφὴν
1281 3663 1366 3727 (curn
1389 3657 1518 3724 Cobetol

240 3753 335 3831 ἀνδρί.
361 3760 393 3816 Β.
417 3758 468 3819 καὶ
492 3758 548 3820 κτὲ.
572 3764 604 3822 el
629 3778 678 3822 vs,
703 3764 752 3822 14.
779 3759 908 3834 [ἕκαιὸ]ν
934 3759 1032 3841 [λέγω
1056 3771 1196 3820 πεινῶντι
1219 3758 1323 3837 π[ε’ρας
1346 3759 1413 3833 ἕξει]
1435 3759 1518 3830 ποτέ,

239 3874 320 3930 quae
339 3860 489 3922 sollerter
509 3862 684 3923 admodum
706 3865 894 3938 excogitata
917 3867 1004 3923 sunt.
1028 3897 1056 3904 -
1079 3864 1133 3923 Vs.
1158 3863 1208 3922 18.
1234 3864 1349 3923 Latere
1373 3862 1516 3935 aliquam

238 3958 378 4020 formam
413 3963 477 4023 adi.
512 3964 770 4040 τρισκακοδαίμων
806 3980 903 4024 nemo
939 3980 1001 4023 non
1039 3965 1140 4038 videt,
1173 3965 1230 4023 sed
1261 3979 1423 4037 quaenam
1454 3964 1517 4023 dici

238 4063 363 4137 nequit,
388 4063 499 4137 itaque
524 4080 610 4124 vana
633 4068 712 4125 sunt
734 4065 898 4138 Blaydesii
923 4080 1056 4125 versum
1081 4065 1232 4139 explendi
1257 4067 1450 4125 tentamina.
1477 4100 1516 4107 —

239 4161 274 4221 In
306 4164 427 4239 pagina
458 4181 555 4225 versa
586 4166 707 4227 codicis
739 4167 825 4226 aliud
851 4169 1076 4242 fragmentum
1101 4167 1180 4225 XIII
1205 4182 1359 4226 versuum
1384 4167 1464 4241 legit
1487 4172 1520 4227 et

238 4262 403 4338 supplevit
444 4266 628 4342 Jernstedt,
673 4269 757 4343 quod
793 4285 867 4328 cum
903 4269 1079 4329 lectoribus
1114 4271 1373 4330 communicavit
1407 4269 1518 4330 Nauck

239 4366 310 4426 Mel.
337 4366 381 4424 VI
405 4383 435 4442 p.
465 4371 535 4429 155.

198 4466 244 4525 Fr.
272 4469 333 4527 106
357 4484 406 4541 sq.
444 4468 532 4543 Quae
567 4473 641 4545 post
671 4472 708 4531 fr.
738 4473 799 4531 105
832 4473 964 4541 (1—18)
996 4473 1079 4546 apud
1112 4475 1317 4534 Athenaeum
1354 4475 1517 4549 leguntur,

237 4569 353 4643 ipsius,
390 4584 453 4629 nou
490 4575 604 4646 poetae
635 4573 774 4632 alicuius
807 4573 906 4633 verba
937 4590 1011 4634 esse
1043 4577 1166 4649 optime
1195 4576 1358 4636 indicasse
1389 4577 1518 4636 videtur

239 4670 396 4731 Neineke.
424 4704 463 4714 —-
491 4672 544 4733 Vs.
573 4675 623 4734 10.
648 4674 771 4750 μετρίως
795 4691 852 4749 pro
877 4673 995 4751 μέτριον
1014 4679 1155 4750 requirit
1179 4679 1226 4737 Β1.

197 4768 244 4828 Fr.
271 4771 344 4846 108,
373 4774 400 4831 1.
425 4772 473 4833 Β1.
506 4775 706 4835 contendens
737 4777 820 4851 apud
845 4778 987 4837 comicos
1012 4776 1092 4849 ὅπως
1117 4795 1191 4839 cum
1217 4781 1299 4839 coni.
1325 4781 1396 4838 sine
1419 4780 1515 4852 purti-

237 4871 310 4932 cula
339 4868 377 4930 ἀν
407 4872 484 4934 ferri
515 4890 580 4935 non
610 4892 721 4952 posse,
755 4881 887 4953 recepta
910 4880 979 4939 cod.
1005 4884 1041 4938 A.
1066 4881 1196 4941 Stobaei
1220 4881 1374 4957 lectione,
1401 4882 1517 4955 corrigi
