3748 5792
861 515 903 576 85

265 693 341 774 νοιμ’
363 693 426 760 αὔτ’
447 697 486 758 έν
505 701 558 762 vel
578 701 638 784 ῥανὶς
658 705 683 760 Β
702 697 888 780 καταπίνοιμ’
914 698 968 777 ἂν,
991 704 1133 764 autnon
1154 703 1350 765 continuans
1376 706 1410 763 et
1431 703 1542 778 proba-

264 800 375 862 bilius:
401 802 432 860 B.
457 801 640 882 τροέξομαι,1
663 797 723 887 ᾧὸν
747 800 780 865 tt
802 802 859 865 κτέ.
884 805 1006 864 Lenius
1030 804 1156 879 possis:

377 907 414 962 A.
437 903 598 982 μελίπηκτα
622 901 649 966 d'
676 904 783 978 εἴτις
805 903 987 984 προσφέροις
1012 907 1044 964 Β.
1067 899 1202 984 τρώγοιμ’
1228 902 1275 965 ἄν.
1300 910 1337 965 Α.
1360 904 1388 965 εἰ

375 1003 435 1088 ᾠὸν
459 1003 503 1076 δὲς
529 1007 560 1064 Β.
583 1000 769 1083 καταπίνοιμ’
795 1004 842 1066 dv.
869 1011 903 1065 A.
927 1005 1018 1067 ἄλλον
1042 1007 1092 1068 δεῖ
1110 1029 1209 1079 τινσς;

262 1106 409 1166 admissa
434 1106 595 1168 dustatbii
620 1108 745 1169 stood.
771 1103 958 1170 illectione
982 1103 1114 1188 τρώματμ’
1144 1104 1183 1167 ἂν
1205 1099 1263 1185 pro
1287 1108 1436 1186 τρώγοιμι.

174 1285 177 1292 ¹
215 1207 270 1267 Fr.
298 1209 369 1282 144,
396 1208 426 1268 7.
461 1208 547 1269 Ante
579 1209 626 1269 Bt.
659 1209 783 1270 contuli
806 1211 867 1271 Αν.
896 1210 968 1271 128.
995 1244 1035 1254 -
1059 1209 1114 1271 Vs.
1141 1212 1170 1271 9.
1203 1209 1305 1270 Valde
1335 1210 1447 1271 dubito
1471 1212 1539 1271 tam

262 1309 302 1369 de
331 1309 425 1369 biatu
453 1324 553 1383 quam
585 1311 625 1372 de
655 1314 834 1386 anapaesto
864 1306 938 1388 ἡδύς
966 1309 1038 1389 ἐμοί.
1069 1313 1174 1373 Locus
1198 1328 1264 1373 non
1287 1315 1426 1373 sanatur
1449 1312 1542 1386 Blay·

263 1409 346 1470 desii
368 1411 555 1472 coniectura
578 1405 660 1486 οἶμαι
685 1427 742 1487 pro
767 1410 831 1491 έμοέ
855 1408 919 1490 μέν.
951 1412 1038 1474 Num
1066 1414 1151 1474 forte
1181 1409 1246 1476 fuit
1270 1412 1323 1490 οὐχ
1346 1408 1421 1489 ἡὸύ;
1445 1411 1542 1490 φημί

262 1510 333 1589 μετὰ
357 1510 389 1572 τὸ
411 1517 551 1574 πλουτεῖν
574 1514 738 1592 δεύτερσνί

215 1614 270 1674 Fr.
298 1615 370 1690 147,
398 1615 426 1674 1.
462 1614 511 1675 Bl.
547 1615 764 1676 conicientem
795 1613 831 1674 τά
860 1611 881 1676 τ’
914 1613 1003 1693 dila,
1031 1617 1117 1691 quod
1152 1616 1261 1692 ipsum
1296 1616 1446 1690 traditur,
1478 1630 1541 1675 non

260 1716 431 1792 intellego;
466 1717 518 1777 sin
555 1717 658 1778 voluit
688 1716 738 1777 καί
767 1710 870 1793 τᾶλλα,
900 1718 1035 1794 fallitur,
1066 1733 1127 1779 neo
1156 1717 1379 1778 necessariam
1404 1714 1544 1776 arbitror

264 1817 411 1878 eiusdem
447 1819 672 1881 coniecturam
708 1835 757 1882 vs.
783 1823 802 1880 2
833 1819 963 1898 νομίζειν
993 1836 1051 1896 pro
1086 1817 1118 1879 τὸ
1148 1819 1267 1895 νομίσαι
1297 1822 1355 1880 aut
1383 1818 1543 1878 leniorem

263 1917 381 1980 uoueri
400 1939 430 1978 τι
452 1934 511 1994 pro
531 1919 571 1980 τὸ.
592 1921 630 1982 ln
650 1922 882 1996 Aristophanis
902 1923 940 1983 ir.
963 1923 1028 1983 520
1040 1921 1089 1997 1),
1109 1921 1194 1996 quod
1215 1921 1295 1981 citat
1313 1920 1362 1980 Bl.
1382 1921 1421 1980 ad
1442 1935 1490 1979 vs.
1512 1920 1542 1993 7,

263 2020 490 2096 corrigendum
515 2018 593 2081 ἐστιν
617 2021 702 2098 μέλι
727 2029 795 2097 (pro
819 2025 923 2101 μέλει),
946 2039 1010 2085 uon
1042 2023 1137 2102 γλυκύ
1161 2039 1236 2084 oum
1259 2023 1340 2097 ipso.
1366 2053 1406 2065 —
1431 2021 1487 2080 Vs.
1511 2022 1542 2080 4.

261 2126 361 2199 θιγεῖν
385 2137 443 2197 pro
466 2127 564 2200 τυχεῖν
587 2124 668 2184 felix
691 2128 744 2184 est
767 2125 883 2186 Kookii
906 2126 1090 2186 inventum.

217 2225 270 2284 Fr.
300 2224 372 2299 148,
398 2225 428 2284 2.
461 2213 667 2301 παρατίλλεται
697 2242 755 2301 pro
786 2221 947 2304 προσέρχετ’
975 2216 1029 2300 αὖ,
1052 2225 1137 2300 quod
1161 2240 1241 2286 sane
1264 2226 1452 2301 corruptum
1477 2227 1542 2299 est,

263 2325 401 2386 coniecit
424 2325 472 2386 Bt.
496 2325 614 2387 Nesto
637 2327 767 2401 quidem
789 2327 882 2388 locus
901 2329 1099 2404 persanatus
1122 2326 1262 2401 videtur,
1292 2341 1352 2386 nec
1374 2324 1454 2385 illud
1474 2339 1541 2383 ver·

264 2426 343 2487 bum
362 2426 468 2502 primo
487 2426 559 2488 loco
579 2431 792 2503 exspectatur
813 2431 890 2489 ante
909 2426 1047 2507 ῥύπτιται
1063 2461 1101 2470 -
1116 2435 1223 2504 σμῆιαι
1247 2424 1316 2496 κιέ.,
1335 2427 1412 2486 lioet
1430 2427 1543 2500 aptum

262 2527 309 2588 sit
330 2527 462 2602 aliquod
487 2528 623 2596 verbum
647 2529 688 2589 ad
711 2530 839 2592 cultum
863 2529 1058 2590 muliebrem
1084 2529 1261 2604 pertinens.
1286 2527 1443 2603 Quidquid
1467 2525 1542 2599 fuit,

265 2635 361 2690 teneo
391 2631 476 2703 quod
503 2630 581 2690 olim
607 2631 730 2692 conieci
754 2629 919 2710 μετέρχεται
940 2665 991 2696 -,
1011 2621 1050 2690 αὖ
1073 2627 1246 2707 μετέρχεται.
1269 2663 1310 2672 -
1335 2625 1543 2689 118.4.έιιδέ-

264 2726 325 2791 don'
352 2729 453 2798 (Kock
476 2747 534 2807 pro
559 2725 705 2810 έκβέβηιί)
729 2732 873 2807 speciem
899 2732 1006 2794 babet.
1024 2731 1134 2793 —Vs
1155 2733 1185 2792 5.
1210 2735 1375 2804 τιοτιεῑται,
1400 2727 1543 2788 στέλλεται

264 2839 417 2910 corrupta
451 2835 543 2895 ducit
574 2834 621 2894 Bl.
652 2834 748 2895 Prius
778 2835 916 2896 verbum
948 2848 1028 2895 sane
1058 2831 1189 2894 difficile
1216 2835 1268 2894 est
1289 2832 1453 2908 explicare
1476 2831 1543 2900 (rix

264 2935 354 2997 enlm
376 2934 562 3011 significare
582 2937 691 3010 potuit
713 2938 799 3010 quod
823 2937 945 2998 Graece
968 2935 1087 2996 dicitur
1109 2935 1382 3012 κατοπτρίζεσθαι),
1403 2933 1542 2994 sednon

265 3037 479 3112 improbabile
516 3038 645 3098 videtur
676 3035 835 3112 στέλλεται,
874 3037 1015 3099 induit
1049 3038 1329 3111 vestimenta,
1364 3035 1394 3096 si
1427 3048 1543 3094 verum

261 3143 313 3198 est
346 3139 553 3200 Koolrianum
584 3133 727 3199 ἒιιλέιλνέ.
759 3138 913 3200 ceterum
947 3138 1038 3200 venit
1072 3139 1106 3198 in
1140 3141 1287 3199 mentem
1323 3141 1475 3204 σκοπεῖ,
1509 3136 1544 3194 τί

261 3238 479 3314 στέλλεται,
524 3242 695 3316 spectat
739 3241 836 3314 quid
881 3239 964 3300 sibi
1010 3240 1214 3300 mittatur
1259 3238 1306 3299 ab
1349 3241 1542 3300 amatore

263 3341 421 3417 (munus),
446 3342 504 3402 sed
529 3342 610 3402 nibil
635 3339 774 3403 affirmo.

215 3443 269 3502 Fr.
298 3444 368 3517 149,
397 3445 424 3503 l.
450 3443 498 3503 Bl.
522 3451 609 3502 ταῦτα
634 3437 666 3502 δ’
691 3447 750 3504 aut
772 3443 861 3520 τήνδε
885 3437 913 3502 δ’
938 3446 973 3503 et
995 3440 1049 3520 τὴν
1067 3437 1193 3521 Ὑγιείας
1217 3445 1342 3504 temere
1366 3442 1514 3503 coniecit.

217 3545 269 3604 Fr.
300 3547 368 3619 151,
398 3548 425 3604 1.
451 3543 490 3614 ὡς
515 3560 572 3619 pro
592 3541 635 3604 ὢν
658 3545 730 3605 sine
754 3545 952 3606 necessitate
976 3544 1024 3605 Β1.

216 3646 269 3704 l'r.
298 3645 369 3706 153.
405 3647 499 3722 Apud
532 3647 643 3721 Stepb.
675 3647 710 3706 B.
739 3646 826 3707 idem
857 3644 1022 3722 ἐνδύματος
1049 3637 1142 3719 είιίος,
1165 3645 1261 3720 quale
1284 3647 1361 3719 quid
1383 3660 1465 3706 sane
1488 3661 1542 3710 ex·

262 3751 442 3821 spectatur.

217 3849 271 3909 Fr.
299 3850 369 3922 154,
396 3849 425 3910 2.
451 3849 500 3909 Bt.
525 3842 600 3924 εἶτα,
623 3853 660 3910 ut
683 3852 799 3910 natum
825 3866 843 3911 e
869 3865 916 3910 vs.
942 3851 975 3926 3,
1007 3850 1040 3910 in
1064 3846 1160 3909 αὑτοῦ
1184 3851 1302 3909 mutat.
1326 3849 1412 3909 Fieri
1434 3851 1543 3923 potest

264 3952 301 4010 ut
323 3953 424 4026 recte,
449 3951 507 4012 sed
531 3951 655 4025 absque
679 3965 780 4012 causa
801 3951 920 4013 idonea
943 3951 1043 4012 verba
1061 3947 1101 4022 ὡς
1119 3955 1232 4011 θᾶττον
1255 3946 1362 4028 ἡπαῑς
1384 3949 1543 4010 violenter

265 4054 372 4112 mutat
394 4052 428 4112 in
451 4049 515 4110 έπιί
538 4051 671 4129 τάχιστα,
701 4068 784 4126 quae
808 4067 906 4113 nemo
930 4053 978 4112 ita
1002 4053 1209 4122 corrupisset.
1235 4051 1393 4126 Analogia
1417 4065 1543 4126 compa·

265 4153 360 4212 rativi
402 4159 515 4213 θᾶττον
550 4155 712 4229 exemplis
743 4155 826 4215 satis
856 4155 1042 4215 detenditur
1071 4156 1225 4229 quamvis
1258 4154 1452 4215 insolentior
1480 4155 1541 4213 tra·

265 4253 334 4312 dita
355 4253 462 4315 lectio.

219 4357 271 4416 Fr.
299 4357 369 4431 159,
394 4357 424 4416 4.
457 4357 623 4418 Revoouta
655 4359 725 4419 cod.
757 4358 794 4418 A.
831 4357 972 4418 lectione
1001 4355 1081 4436 ιιιίχί,
1107 4358 1155 4418 Bl.
1187 4373 1244 4433 pro
1268 4357 1463 4418 Hanoviano
1487 4355 1542 4417 κού

265 4457 448 4532 transponit
471 4457 621 4537 εἰσάγουσι
645 4458 764 4533 τίτθας,
786 4458 845 4520 sed
868 4459 1054 4533 elegantius
1079 4459 1176 4533 vulgo
1199 4459 1302 4529 τίτθας
1329 4461 1544 4533 separatura

268 4573 343 4618 vocs
361 4559 531 4634 βασκάνους
560 4560 679 4621 Dubito
696 4563 811 4622 tamen
824 4576 866 4621 an
879 4557 915 4619 οὐ
929 4576 985 4636 pro
998 4558 1063 4637 οὐχί
1076 4560 1229 4623 sufficiat.
1245 4595 1284 4604 -
1299 4560 1354 4621 Vs.
1368 4563 1388 4622 6
1401 4563 1544 4636 (propter

266 4661 488 4737 negationem,
521 4664 557 4723 ut
588 4661 738 4733 arbitror)
763 4663 848 4722 idem
874 4662 1021 4736 postulat
1043 4660 1084 4739 μὰ
1107 4661 1180 4738 Δία,
1207 4662 1292 4737 quod
1315 4665 1443 4738 tamen,
1467 4663 1544 4735 quia

267 4767 419 4822 recusant
459 4764 602 4836 numeri,
646 4765 675 4822 si
717 4763 798 4824 bene
833 4767 1000 4839 receptum
1036 4777 1087 4824 est
1121 4765 1224 4827 Grotii
1259 4763 1542 4839 supplementum,

265 4864 411 4936 suspicor
430 4881 447 4924 e
466 4865 616 4940 proximo
638 4879 734 4925 versu
755 4866 818 4926 buo
830 4866 1002 4926 devenisse
1015 4882 1072 4942 pro
1085 4867 1160 4943 δῆλα
1174 4864 1542 4943 δή,είιι1111τσίασίίοιια.

267 4963 327 5023 Sed
353 4964 392 5026 ct.
415 4965 515 5026 Koolr.
542 4999 581 5010 —
606 4964 663 5027 Vs.
687 4967 717 5026 8.
749 4966 811 5028 Ριο
839 4956 878 5026 αὖ
903 4967 950 5028 Bt.
976 4968 1072 5029 malit
1094 4958 1165 5042 οὖν,
1187 4968 1295 5043 possis
1318 4967 1417 5028 etiam
1445 4965 1492 5042 δὴ.
1514 4968 1543 5027 si

268 5065 341 5138 quid
370 5067 576 5128 mutandum.
603 5099 642 5110 -
667 5066 723 5129 Vs.
750 5068 801 5128 10.
826 5066 917 5129 Idem
949 5069 1101 5144 proponit
1130 5067 1315 5150 καταλέγειν,
1344 5084 1427 5143 quae
1454 5069 1544 5130 notio
