3748 5792
862 507 865 514 ’
984 485 1045 548 182

398 672 714 750 magnitudine,
747 687 814 734 non
844 673 884 734 de
914 673 1204 751 praestantia,
1236 676 1346 749 ltaque
1368 670 1455 738 falsa
1477 678 1530 738 esi
1559 667 1666 736 Koclrii

398 777 584 839 coniectura
606 774 753 853 κρατίστη.
779 774 865 836 Olim
889 775 1017 850 monui,
1042 775 1099 836 sed
1122 777 1234 850 repeto
1257 779 1388 852 propter
1411 776 1630 851 Blaydesium.

243 875 247 886 '
353 879 404 940 l'r.
430 878 506 960 269,
531 879 561 938 2.
587 876 801 939 Coniecturae
824 869 957 936 ποιοῦντ’
984 878 1017 937 et
1035 870 1155 936 nooovr’
1176 892 1234 953 pro
1253 872 1397 937 ποθοῦντ’
1418 879 1475 938 vix
1490 876 1666 957 sufiiciunt,

262 985 265 992 '
398 981 474 1056 quia
510 981 704 1055 expectatur
739 978 1004 1040 communicandi
1040 993 1115 1040 cum
1146 979 1233 1054 aliie,
1267 980 1377 1055 itaque
1410 979 1665 1056 publicandi,

396 1081 544 1143 carmina
566 1081 656 1142 notio
677 1082 811 1157 propter
833 1079 1020 1156 oppositum
1046 1084 1226 1156 μονοσιτεῖν,
1249 1095 1328 1142 nam
1352 1076 1368 1140 d
1387 1088 1554 1158 provocarer
1572 1080 1666 1140 nemi·

397 1199 474 1245 uem
509 1182 688 1258 voluptatis
722 1195 802 1242 euae
832 1181 939 1242 reddit
970 1181 1173 1257 participem.
1205 1181 1381 1258 Propterea
1410 1182 1574 1258 quondam
1603 1197 1666 1256 pro·

397 1285 490 1362 posui
513 1276 752 1361 προτιθέντῖ

353 1389 404 1448 Fr.
430 1387 504 1460 270,
530 1387 561 1446 3.
585 1385 632 1446 De
656 1383 774 1460 poculo
797 1383 916 1445 dicitur

664 1483 809 1563 ιισιλαιόν,
831 1477 905 1546 ὦτα
928 1481 1190 1562 συντεθλασμένον
1213 1482 1341 1561 σφόδρα.

396 1589 492 1652 Haud
526 1591 652 1650 temere
687 1589 719 1649 in
752 1579 811 1647 ὦτα
841 1589 913 1650 sine
944 1588 1085 1650 articulo
1114 1588 1223 1649 haesit
1245 1587 1349 1663 Koolr,
1382 1587 1467 1661 quod
1490 1588 1601 1662 inepte
1622 1589 1666 1648 Bl.

397 1692 525 1752 duriore
549 1689 633 1751 crasi
657 1692 777 1766 tuetur,
802 1690 897 1764 quasi
920 1704 998 1751 vero
1020 1681 1096 1749 τῶτα
1120 1690 1234 1751 durius
1256 1690 1303 1750 sit
1326 1704 1426 1764 quam
1444 1685 1565 1767 τώβολώ
1584 1689 1667 1749 eimi-

397 1792 515 1867 liaque.
539 1790 689 1865 Cogitavi
714 1791 752 1851 de
777 1790 970 1866 corrigendo
995 1786 1134 1866 άτοον,
1163 1792 1282 1852 ansis
1311 1787 1587 1866 instructum,
1615 1792 1667 1852 aut

405 1889 518 1970 <ἧδη>
548 1889 817 1969 συντεθλασμένον.

354 1994 405 2054 Fr.
430 1995 506 2068 271,
533 1995 563 2055 2.
587 1991 624 2052 αἴ
641 2014 674 2074 γε
691 1993 817 2055 frustra
835 1995 948 2057 tuetur
971 1994 1019 2055 Bl.
1034 2028 1074 2038 -
1092 1992 1148 2054 Vs.
1168 1996 1200 2056 4.
1230 1991 1262 2054 τὸ
1285 1997 1394 2072 φαγεῖν
1416 1991 1449 2054 τὸ
1471 1998 1566 2071 πιεῖν,
1588 1993 1668 2067 quod

398 2095 537 2157 coniecit
558 2095 714 2171 Herclrer,
739 2099 897 2156 constane
921 2098 973 2157 est
992 2095 1166 2157 verborum
1186 2095 1278 2178 ordo,
1299 2097 1335 2155 ut
1359 2096 1444 2171 apud
1467 2109 1538 2156 nos.
1561 2094 1668 2156 Nauck

398 2196 470 2258 Mel.
495 2195 539 2256 Vl
559 2197 601 2257 99
621 2196 676 2258 cit.
703 2196 760 2257 Od.
785 2217 802 2256 ν
827 2197 908 2272 879;
933 2197 1035 2258 Anth.
1061 2196 1128 2258 Pal.
1149 2196 1181 2257 X
1199 2197 1254 2270 473
1274 2195 1406 2258 Diodori
1425 2212 1508 2258 com.
1529 2196 1568 2258 ir.
1586 2195 1667 2271 2,12

398 2304 439 2374 (p.
464 2298 559 2372 420);
585 2297 659 2359 alla.
685 2298 765 2359 Post
787 2297 943 2378 τυγχάνειν
967 2299 1060 2360 colon
1083 2301 1173 2360 recte
1195 2297 1288 2374 ponit
1310 2297 1359 2359 Bl.

354 2399 406 2459 l'r.
432 2399 507 2474 272,
532 2400 563 2460 3.
665 2395 698 2459 ἐν
720 2408 760 2482 τῷ
784 2398 893 2484 σταδίῳ
917 2408 977 2459 τῶν
1000 2407 1232 2481 συναγωνιστῶν
1255 2397 1291 2476 μέ
1312 2421 1356 2470 τις

664 2495 760 2560 ἐδόκει
783 2508 955 2577 στεφανοῦν
978 2499 1156 2580 προσελθὼν
1171 2545 1178 2560 .
1192 2545 1218 2559 ..

664 2601 800 2687 στεφάνῳ
822 2607 949 2686 κυλιστῷ
972 2601 1178 2682 κοκκυμήλων.

398 2699 611 2763 Oasaubonue
634 2703 766 2779 supplet
788 2701 828 2776 ὡς
852 2702 915 2782 ἐμέ,
936 2720 1055 2781 parum
1079 2703 1299 2780 probabiliter,
1324 2703 1402 2778 quia
1424 2703 1483 2764 tali
1504 2703 1668 2777 participio

398 2802 480 2862 nihil
504 2802 579 2863 addi
602 2803 697 2864 solet.
722 2804 799 2866 Alia
820 2808 961 2882 possunt
984 2807 1179 2882 excogitari,
1200 2805 1293 2868 velut
1308 2803 1464 2889 καγκάλῳ,
1482 2805 1563 2866 certi
1581 2802 1668 2864 nihil.

358 2905 409 2964 Pr.
435 2904 510 2979 273,
535 2905 555 2964 3
579 2920 628 2979 sq.
658 2905 707 2966 Bl.
740 2907 772 2964 Β.
795 2904 833 2984 νὴ
867 2907 931 2966 Δία.
964 2910 1000 2967 A.
1023 2900 1130 2967 τοιαῦτ’
1156 2904 1669 2968 nescioanrecte.1dembene

397 3005 542 3079 praefert
564 3005 731 3068 Eustathii
753 3007 930 3070 lectionem
953 3007 1123 3087 πρόσωπον.

354 3107 404 3166 Fr.
430 3107 505 3182 274,
530 3108 561 3167 4.
584 3105 617 3166 τὸ
639 3111 776 3167 πλεῖστον
800 3124 858 3185 pro
880 3106 913 3169 τὸ
936 3108 1042 3169 λοιπὸν
1065 3112 1190 3171 temere
1213 3109 1262 3171 Bl.
1289 3109 1426 3184 Propter
1449 3108 1584 3170 lacunas
1603 3106 1668 3169 vul·

397 3209 475 3283 gata
496 3208 593 3270 lectio
616 3211 668 3270 est
691 3210 867 3272 obscurior.
892 3211 959 3272 Nec
980 3211 1119 3272 feliciter
1142 3211 1228 3272 idem
1253 3211 1447 3273 tractatus.
1472 3210 1502 3271 7.

353 3309 405 3370 Pr.
431 3310 505 3385 277,
533 3310 561 3371 1.
586 3309 722 3371 inutilia
745 3314 855 3372 tentat
876 3311 925 3373 Bl.
958 3311 1011 3372 hic
1034 3314 1068 3373 et
1091 3312 1165 3388 278,
1194 3314 1222 3372 1.
1247 3309 1293 3372 Gi.
1314 3309 1414 3372 Koclr.
1439 3309 1486 3371 De
1504 3325 1554 3371 vs.
1578 3311 1598 3370 4
1621 3310 1667 3369 Bl.

314 3447 316 3454 ,
397 3413 473 3487 apte
497 3411 551 3472 cit.
572 3413 628 3472 Ar.
654 3412 728 3473 Pac.
750 3414 825 3474 669.

353 3513 404 3574 Pr.
430 3514 505 3589 278,
530 3514 561 3573 3.
593 3513 778 3575 Revocetur
806 3515 914 3576 forma
937 3515 1040 3576 attica
1061 3514 1243 3575 καλαίταταν
1266 3517 1301 3575 et
1323 3513 1521 3592 γί<γ>νεται
1544 3518 1603 3584 (vs.
1628 3515 1666 3582 2).

397 3614 533 3676 'femere
562 3613 760 3692 θαυμάζομεν
788 3630 847 3690 pro
878 3614 1086 3693 σπουδάζομεν
1118 3617 1152 3676 et
1175 3629 1224 3676 vs.
1250 3617 1269 3676 2
1297 3611 1346 3675 iul
1368 3613 1467 3694 γήρας
1490 3609 1533 3674 ὢν
1556 3614 1603 3675 Bl.
1628 3645 1665 3656 —

397 3715 452 3777 Vs.
477 3716 497 3776 4
528 3730 585 3776 cur
614 3715 711 3776 alteri
741 3730 902 3791 personae
929 3715 1116 3778 tribuamus
1146 3731 1221 3776 cum
1251 3715 1393 3792 Koolrio,
1419 3729 1554 3776 causam
1577 3713 1668 3776 video

396 3816 534 3879 nullam.

352 3916 403 3978 Pr.
429 3919 504 3995 288,
530 3919 560 3978 2.
594 3917 745 3979 Notanda
779 3917 887 3980 iorma
918 3919 1028 3980 dorica
1058 3917 1189 3997 διμάτωρ
1222 3917 1364 3998 Βρόμιος,
1393 3932 1494 3992 quam
1518 3933 1539 3978 a
1560 3917 1669 3993 lyricis

395 4017 572 4092 tragicisve
603 4019 777 4079 mutuatus
807 4019 938 4080 videtur
968 4019 1083 4080 Alexis
1114 4035 1179 4080 una
1206 4034 1281 4080 cum
1306 4019 1440 4080 nomine
1464 4018 1592 4097 Βρόμιος
1613 4032 1668 4094 pro

396 4115 554 4190 Διόνυσος.
579 4117 625 4180 Of.
650 4118 797 4198 Δάματερ.

353 4217 403 4281 Pr.
428 4219 503 4294 290,
529 4221 559 4280 2.
585 4219 672 4280 Sana
695 4220 734 4280 de
760 4235 851 4281 more
875 4220 1034 4282 sollicitat
1055 4221 1104 4282 Bl.

352 4318 403 4378 Pr.
430 4319 504 4379 298.
535 4320 584 4380 Bl.
609 4317 749 4396 ἕντανατ,
781 4321 852 4382 coll.
878 4321 961 4382 Nub.
986 4322 1061 4383 969.
1094 4322 1156 4382 Sed
1187 4323 1226 4383 de
1249 4321 1358 4383 forma
1380 4321 1491 4381 activa
1513 4320 1554 4381 ci.
1578 4319 1666 4380 Plato

396 4419 516 4480 Phaed.
542 4420 640 4494 601);
666 4421 840 4497 Hipparch.
866 4423 930 4482 228
945 4422 980 4482 D.

352 4519 403 4580 l'r.
429 4519 491 4579 301
524 4535 644 4582 sanum
668 4537 829 4583 essenon
853 4524 997 4598 praesto,
1022 4523 1080 4583 sed
1104 4537 1168 4584 non
1192 4523 1335 4599 amplius
1358 4522 1441 4583 mihi
1463 4521 1666 4583 satisfaciunt

395 4635 479 4694 quae
502 4620 582 4682 olim
605 4624 766 4697 proposui.
792 4622 838 4685 Oi.
863 4625 955 4685 Koclr
978 4624 1026 4685 III
1049 4640 1078 4700 p.
1101 4626 1175 4687 744.
1201 4623 1256 4685 Vs.
1285 4627 1300 4684 1
1325 4631 1412 4684 τοῦτο
1436 4620 1474 4699 δὴ
1498 4637 1555 4698 pro
1574 4628 1667 4682 recob

395 4743 447 4782 ταν
470 4720 533 4798 Bl.,
557 4723 615 4784 sed
640 4727 869 4800 expectaretur
891 4723 957 4785 ride
977 4723 1024 4802 δὴ.

351 4823 404 4884 Ει.
429 4824 504 4884 802.
535 4821 582 4884 Oi.
607 4824 719 4886 Nauck
743 4827 815 4888 Mel.
842 4825 885 4885 VI
909 4827 962 4888 99.
978 4825 1086 4887 -Vs
1113 4829 1131 4887 2
1159 4827 1279 4906 εἰσορᾶν
1303 4841 1377 4888 cum
1402 4825 1586 4887 Gaieiordio
1608 4823 1666 4886 del.

395 4924 461 5000 BL,
497 4925 553 4998 qui
583 4924 622 4985 fr.
655 4925 719 4984 303
749 4929 857 4987 tentat
887 4927 1129 4989 violentissime
1159 4926 1214 5006 τήν
1244 4927 1390 5010 γεωργίαν
1417 4929 1516 5009 πολλῷ
1539 4931 1666 5006 προτιμῶ

395 5033 446 5103 τῆς
469 5023 645 5105 στρατηγίας
669 5022 734 5104 ἐγώ.
759 5027 860 5088 Multo
883 5027 1086 5104 probabilius
1110 5029 1211 5091 Koclr.
