3718 5788
952 507 1017 568 210

990 699 1083 750 ταῦτα
1105 687 1162 770 γὰρ
1186 688 1251 760 (vel
1273 691 1327 758 τοι)

675 787 813 873 εὖρήματ’
840 789 898 853 {orl
921 791 1053 876 γρᾳδίων
1076 788 1127 852 καὶ
1150 789 1283 870 παίγνια.

319 901 369 960 Fr.
394 901 470 960 483.
501 897 615 958 Nauck
645 897 726 958 citat
748 895 884 957 Aristid.
909 895 924 956 I
947 912 978 971 p.
1003 896 1082 957 707:
1107 901 1193 954 τοῦτο
1217 885 1244 951 δ’
1272 886 1331 950 ἐστὶ
1354 886 1408 948 τάν
1431 896 1483 966 τῆς
1507 888 1640 966 δυσπρο-

362 998 425 1073 ξίος
444 997 601 1078 (ἀπραξίας
621 1014 651 1059 v.
665 998 698 1069 l.)
722 996 879 1077 πράγματα
903 1000 937 1058 61
960 997 1089 1072 Synesii
1111 1012 1162 1072 ep.
1184 995 1236 1070 57,
1250 1009 1280 1069 p.
1297 992 1415 1052 raaia:
1440 987 1470 1062 ἐξ
1494 986 1641 1068 ἀπραξίας

362 1099 523 1180 εὑρόμενος
563 1099 736 1179 πράγματα,
777 1098 833 1159 661
873 1113 1044 1174 perperam
1085 1094 1243 1175 ἀπροεξίος
1284 1093 1454 1168 rescripsit
1495 1092 1642 1153 Hercher

362 1221 392 1279 p.
418 1205 493 1278 666,
520 1203 572 1264 62.

318 1307 368 1367 Fr.
394 1307 458 1366 486
493 1304 627 1380 parodia
660 1303 817 1377 Aeschyli
852 1303 885 1362 in
920 1301 1094 1376 Lycurgia,
1126 1302 1164 1360 ut
1194 1299 1325 1358 Thesm.
1360 1297 1421 1358 136
1445 1311 1506 1371 sq„
1536 1295 1641 1355 iudice

361 1407 519 1468 Kaibelio.
544 1404 656 1466 Nauck
679 1404 700 1464 l.
724 1405 745 1465 l.
770 1420 799 1480 p.
829 1405 890 1465 162
919 1403 974 1464 611.
998 1401 1085 1463 8166.
1110 1401 1179 1463 ssor.
1205 1401 1257 1476 90,
1272 1401 1310 1460 8:

629 1504 671 1576 τίς
695 1503 750 1584 γὰρ
777 1503 930 1589 κατόπτρῳ
954 1500 1005 1564 καὶ
1028 1507 1129 1586 τυφλῷ
1153 1501 1315 1572 κοινωνίας

362 1615 395 1673 61
418 1611 488 1671 660.
512 1611 607 1670 Laur.
632 1609 714 1684 plut.
739 1609 791 1684 68,
818 1609 860 1669 24
885 1607 997 1678 (0666.
1021 1606 1123 1667 Brosl.
1148 1605 1226 1682 phil.
1252 1602 1348 1671 Abin.)

628 1709 658 1768 τί
679 1703 706 1769 δ’
733 1707 838 1769 ἀσπίδι
861 1709 1005 1786 ξύνθημα
1028 1704 1079 1767 καὶ
1102 1704 1270 1790 ιιαρχησίῳς

319 1815 369 1874 Fr.
394 1815 470 1874 489.
495 1813 543 1873 Bl.
568 1805 606 1871 εἶ’
633 1812 697 1881 (vel
720 1805 792 1881 ἀλλ’)
817 1805 922 1870 ἐνθάδ’
949 1810 1067 1886 εἴοφρες
1094 1803 1134 1887 μ’.

319 1915 370 1975 Fr.
394 1917 470 1976 491.
496 1916 596 1976 Recte
621 1911 689 1973 ὅποι
712 1929 770 1989 pro
795 1911 872 1972 ὅπου
896 1912 1007 1972 Nauck
1031 1913 1052 1972 l.
1076 1911 1097 1972 l.
1122 1927 1152 1985 p.
1181 1911 1254 1971 162.

319 2017 369 2077 66.
394 2018 459 2077 493
483 2017 607 2078 dictum
632 2016 672 2076 de
695 2030 733 2076 6ο
757 2015 812 2090 qui
835 2014 946 2074 videre
969 2030 1006 2076 se
1029 2013 1150 2088 aliquid
1173 2010 1373 2072 dissimulat.

318 2119 369 2178 66.
395 2119 469 2178 404.
495 2117 565 2178 Vid.
589 2132 690 2193 supra
712 2118 753 2178 ad
776 2116 815 2177 ir.
840 2117 916 2178 468.

318 2219 369 2278 dr.
402 2218 476 2278 600.
519 2218 655 2279 Dubitat
689 2219 729 2279 de
762 2217 878 2278 Kockii
914 2217 1101 2277 coniectura
1136 2215 1262 2290 Nauck,
1303 2213 1379 2288 quia
1413 2213 1644 2291 προσλαβοῦσα,

361 2319 446 2393 quod
478 2319 576 2381 habet
600 2319 768 2395 Libanius,
797 2320 919 2380 rectius
942 2320 988 2378 sit
1010 2319 1136 2378 dictum
1158 2331 1259 2390 quam
1282 2315 1426 2393 λαβοῦσα.
1449 2313 1642 2374 verissime.

361 2420 477 2481 Procul
509 2420 605 2482 dubio
634 2421 737 2496 ipsius
760 2420 888 2480 Libanii
913 2419 1012 2480 verba
1034 2421 1127 2494 sunt,
1152 2433 1217 2478 non
1241 2420 1366 2494 poetae.
1397 2417 1486 2482 idem
1516 2417 1644 2492 optime

363 2523 487 2583 comico
518 2521 982 2599 ροο1666616616611ε.602,
1011 2521 1191 2583 observans
1214 2519 1387 2581 Libanium
1411 2519 1513 2580 verba
1537 2521 1644 2597 Μεγα-

362 2627 422 2702 ρεῖς
452 2621 507 2683 κπὲ.
531 2624 640 2685 deberi
663 2626 741 2684 noto
765 2623 909 2698 oraculo,
935 2622 989 2683 ubi
1012 2623 1221 2696 Megarenses
1244 2622 1398 2682 dicuntur
1424 2615 1483 2680 οὔτ’
1509 2619 1541 2682 ἐν
1563 2619 1644 2704 λόγῳ

362 2719 422 2784 οὔτ’
447 2721 479 2784 ἕν
503 2721 631 2808 ἀριθμῷ.
656 2724 804 2785 Indidem
828 2727 881 2784 681
903 2725 941 2785 11.
967 2725 1031 2786 673
1058 2721 1224 2802 Μεγαρέων
1248 2720 1348 2795 οὐδεὶς
1370 2721 1458 2803 λόγος
1481 2739 1532 2800 ap.
1556 2723 1642 2783 Plat.

363 2827 441 2887 Nor.
468 2829 531 2888 730
544 2843 571 2888 6.

319 2929 370 2988 Fr.
396 2930 470 2990 608.
501 2929 550 2990 Β1.
581 2931 694 2988 tuetur
723 2927 851 2988 Libanii
881 2927 1056 2988 lectionem
1087 2926 1147 2987 τὸν.
1178 2928 1244 3003 Ego
1267 2926 1401 2987 omnino
1424 2925 1537 2986 dubito
1560 2940 1642 2987 num

363 3029 505 3089 rhetoris
530 3029 630 3090 verba
652 3031 769 3106 poetae
792 3029 1014 3103 fragmentum
1041 3029 1242 3090 contineant.

318 3131 370 3191 Fr.
396 3133 470 3192 613.
497 3130 546 3191 Bi.
574 3131 695 3192 conicit
724 3127 861 3208 ἐπέτρεψέ
890 3123 928 3206 μ’.
959 3132 1004 3192 Α1
1034 3131 1107 3205 quie
1138 3132 1285 3206 praestat
1317 3129 1397 3189 6666
1425 3129 1552 3190 66666
1576 3128 1641 3189 alio

363 3233 451 3293 dicta
473 3235 568 3293 asse?

318 3333 471 3395 16622.
506 3333 672 3394 inutiliter
704 3335 793 3395 idem
823 3327 894 3408 ὅκκ’,
923 3332 1046 3394 6616611
1076 3333 1165 3393 enim
1196 3331 1337 3393 Bentleii
1367 3331 1440 3394 6166
1462 3333 1641 3408 transposi-

362 3435 450 3495 tione
485 3436 642 3497 corrcctio
677 3429 717 3494 ‹in’
754 3440 822 3510 (pro
846 3429 862 3493 ‘o'
885 3429 922 3504 ν’)
954 3430 1098 3513 ἀργύριον
1126 3426 1152 3517 ᾗ.
1182 3434 1277 3494 Unde
1308 3432 1429 3494 eiflciat
1457 3434 1548 3496 Kock
1584 3435 1641 3495 vix

362 3535 498 3597 dubium
528 3551 600 3597 esse
631 3537 708 3611 quin
733 3537 843 3598 Attica
866 3536 1035 3597 comoedia
1057 3537 1257 3596 sententiam
1280 3535 1530 3611 Epicharmeam
1555 3550 1640 3596 com·

362 3639 611 3715 memoraverit,
637 3638 720 3698 mihi
747 3638 879 3712 quidem
904 3638 1079 3698 obscurum
1102 3639 1163 3697 661.
1187 3671 1226 3680 -
1251 3636 1285 3697 Si
1309 3638 1597 3713 commemoravit,
1623 3653 1641 3697 6
1715 3703 1721 3710 ,

362 3736 529 3801 formatio
552 3755 609 3815 pro
633 3737 685 3798 ἐάν
709 3741 879 3814 appareret
902 3740 941 3799 fr.
966 3754 1073 3799 novae
1096 3753 1169 3799 esse
1194 3739 1390 3800 comoediae.

317 3842 368 3901 Fr.
394 3843 468 3902 631.
500 3839 594 3912 οὕτως
625 3841 693 3911 (vix
725 3840 950 3900 necessarium
982 3839 1111 3901 videtur
1141 3829 1228 3911 οὗτός
1251 3832 1288 3919 y’l
1321 3837 1436 3918 ἀράννει
1466 3849 1502 3924 τῇ
1524 3844 1641 3923 κεφαλῇ

361 3940 413 4002 τὸν
436 3940 577 4018 οὐρανόν.
602 3942 647 4003 Gi.
673 3941 752 4001 Hor.
777 3940 884 4002 Germ.
909 3942 934 4017 Ι,
962 3944 977 4000 1
1004 3943 1088 4001 extr.
1118 3940 1299 4002 Sublimi
1325 3941 1474 4002 feriam
1498 3941 1641 4003 sidera

363 4045 536 4105 vertice.

318 4145 368 4206 Fr.
394 4145 468 4206 632.
493 4145 636 4220 Legatur
658 4142 863 4224 γί<γ>νενοι

318 4245 368 4307 16.
394 4247 458 4307 640
490 4261 594 4306 novae
625 4260 698 4306 6666
729 4245 918 4307 comoediae
942 4247 1050 4322 arguit
1073 4246 1181 4308 forma
1203 4241 1296 4304 dv:
1311 4241 1371 4304 ἐάν.
1396 4277 1437 4288 -
1461 4243 1642 4317 Κονδύλονς

362 4362 426 4408 666
450 4347 601 4408 Meinekii
623 4347 811 4407 coniectura
834 4349 895 4422 est,
919 4347 976 4407 sed
996 4347 1092 4408 lectio
1112 4346 1213 4407 schol.
1239 4346 1314 4408 Pac.
1341 4347 1414 4423 128,
1439 4349 1476 4406 61
1496 4347 1643 4407 animad-

363 4448 463 4508 vertit
487 4447 609 4508 Nauck.

317 4550 369 4609 Fr.
394 4550 468 4610 541.
493 4549 555 4608 Pro
579 4545 686 4607 εὔκολα
710 4548 757 4608 Bl.
782 4545 895 4624 εὔπορα
918 4550 970 4610 vel
994 4548 1107 4628 εὐχερῆ.
1131 4549 1219 4609 Nihil
1241 4564 1333 4624 opust.

318 4650 368 4709 16.
394 4651 469 4710 646.
494 4649 555 4709 Pro
573 4648 688 4708 κοπεῐδε
706 4649 794 4709 idem
814 4649 969 4710 audacter
991 4649 1100 4729 γράφει
1117 4649 1175 4730 γὰρ
1196 4651 1247 4710 vel
1269 4645 1309 4708 61.
1329 4651 1380 4710 116
1400 4653 1488 4710 certe
1508 4649 1640 4710 malim:

361 4745 377 4807 ὃ
402 4754 469 4824 (pro
494 4744 520 4819 ὁ)
543 4749 617 4820 Ζεὺς
641 4748 787 4827 ἔγραψε
811 4749 929 4827 χρόνιος
949 4749 989 4822 εἰς
1009 4749 1060 4823 τὰς
1080 4748 1238 4830 διφθέρας.
1259 4751 1321 4812 Sed
1339 4752 1481 4812 fortasse
1500 4754 1642 4830 καθορᾶν

362 4850 402 4921 εἰς
425 4872 448 4908 ν.
472 4849 498 4909 δ.
522 4853 630 4925 potest
653 4850 838 4924 significare
861 4852 1079 4926 inspicere
1104 4853 1293 4914 tabellas
1321 4867 1433 4928 6666,
1458 4855 1495 4913 61
1512 4853 1643 4928 Jupiter

361 4950 564 5026 significetur
583 4967 656 5012 sero
676 4952 803 5012 lacinus
822 4954 933 5013 nescio
954 4955 1038 5027 quod
1059 4955 1139 5016 olim
1159 4955 1202 5016 ibi
1222 4955 1419 5029 inscriptum
1439 4954 1641 5031 vindicasse,

362 5068 460 5126 quare
480 5052 561 5112 nihil
580 5051 783 5114 novaverim.
804 5053 889 5113 Num
911 5055 1035 5116 comico
1048 5060 1136 5117 recte
1144 5056 1296 5119 tribuerit
1307 5055 1400 5116 Kock
1411 5054 1506 5116 valde
1517 5055 1642 5118 dubito.
