<?xml version="1.0" encoding="UTF-8"?>
<!DOCTYPE html PUBLIC "-//W3C//DTD XHTML 1.0 Transitional//EN"
    "http://www.w3.org/TR/xhtml1/DTD/xhtml1-transitional.dtd">
<html xmlns="http://www.w3.org/1999/xhtml" xml:lang="en" lang="en">
 <head>
  <title>
</title>
<meta http-equiv="Content-Type" content="text/html;charset=utf-8" />
  <meta name='ocr-system' content='tesseract 3.04.00' />
  <meta name='ocr-capabilities' content='ocr_page ocr_carea ocr_par ocr_line ocrx_word'/>
</head>
<body>
  <div class='ocr_page' id='page_1' title='image "./collectaneacrit00kockgoog_0070.png"; bbox 0 0 3778 5796; ppageno 0'>
   <div class='ocr_carea' id='block_1_1' title="bbox 876 503 919 560">
    <p class='ocr_par' dir='ltr' id='par_1_1' title="bbox 876 503 919 560">
     <span class='ocr_line' id='line_1_1' title="bbox 876 503 919 560; baseline 0.023 -1"><span class='ocrx_word' id='word_1_1' title='bbox 876 503 919 560; x_wconf 76' lang='lat'><strong>55</strong></span> 
     </span>
    </p>
   </div>
   <div class='ocr_carea' id='block_1_2' title="bbox 230 678 1564 3606">
    <p class='ocr_par' dir='ltr' id='par_1_2' title="bbox 233 678 1559 858">
     <span class='ocr_line' id='line_1_2' title="bbox 233 678 1559 768; baseline 0.006 -28"><span class='ocrx_word' id='word_1_2' title='bbox 233 681 286 742; x_wconf 82' lang='lat' dir='ltr'><strong>Fr.</strong></span> <span class='ocrx_word' id='word_1_3' title='bbox 311 683 363 758; x_wconf 86' lang='grc'><strong>96,</strong></span> <span class='ocrx_word' id='word_1_4' title='bbox 391 684 419 743; x_wconf 99' lang='grc'><strong>1.</strong></span> <span class='ocrx_word' id='word_1_5' title='bbox 444 678 476 740; x_wconf 80' lang='lat' dir='ltr'><strong>lv</strong></span> <span class='ocrx_word' id='word_1_6' title='bbox 498 682 648 768; x_wconf 77' lang='grc' dir='ltr'><strong><em>Βυζαντίῳ</em></strong></span> <span class='ocrx_word' id='word_1_7' title='bbox 667 684 783 745; x_wconf 89' lang='lat' dir='ltr'><strong>malim</strong></span> <span class='ocrx_word' id='word_1_8' title='bbox 807 701 883 746; x_wconf 94' lang='lat' dir='ltr'><strong>cum</strong></span> <span class='ocrx_word' id='word_1_9' title='bbox 907 686 1036 761; x_wconf 91' lang='lat' dir='ltr'><strong>eodam;</strong></span> <span class='ocrx_word' id='word_1_10' title='bbox 1062 689 1096 747; x_wconf 88' lang='lat' dir='ltr'><strong>io</strong></span> <span class='ocrx_word' id='word_1_11' title='bbox 1121 703 1170 748; x_wconf 86' lang='lat' dir='ltr'><strong>vs.</strong></span> <span class='ocrx_word' id='word_1_12' title='bbox 1192 690 1211 747; x_wconf 87' lang='lat'>2</span> <span class='ocrx_word' id='word_1_13' title='bbox 1236 684 1292 747; x_wconf 89' lang='grc' dir='ltr'><strong><em>τισί</em></strong></span> <span class='ocrx_word' id='word_1_14' title='bbox 1314 687 1405 749; x_wconf 90' lang='lat' dir='ltr'><strong>idem</strong></span> <span class='ocrx_word' id='word_1_15' title='bbox 1428 687 1559 762; x_wconf 89' lang='lat' dir='ltr'><strong>inserit,</strong></span> 
     </span>
     <span class='ocr_line' id='line_1_3' title="bbox 281 783 514 858; baseline 0.017 -17"><span class='ocrx_word' id='word_1_16' title='bbox 281 786 341 854; x_wconf 88' lang='grc' dir='ltr'><strong><em>τοῖς</em></strong></span> <span class='ocrx_word' id='word_1_17' title='bbox 363 783 514 858; x_wconf 78' lang='lat' dir='ltr'><strong>Bentley.</strong></span> 
     </span>
    </p>

    <p class='ocr_par' dir='ltr' id='par_1_3' title="bbox 235 883 891 950">
     <span class='ocr_line' id='line_1_4' title="bbox 235 883 891 950; baseline 0.009 -7"><span class='ocrx_word' id='word_1_18' title='bbox 235 883 288 944; x_wconf 79' lang='lat' dir='ltr'><strong>Fr.</strong></span> <span class='ocrx_word' id='word_1_19' title='bbox 311 885 364 944; x_wconf 83' lang='grc'><strong>97.</strong></span> <span class='ocrx_word' id='word_1_20' title='bbox 388 884 537 946; x_wconf 88' lang='lat' dir='ltr'><strong>Pherecr.</strong></span> <span class='ocrx_word' id='word_1_21' title='bbox 557 885 597 948; x_wconf 85' lang='lat' dir='ltr'><strong>fr.</strong></span> <span class='ocrx_word' id='word_1_22' title='bbox 625 887 684 947; x_wconf 80' lang='lat'><strong>161</strong></span> <span class='ocrx_word' id='word_1_23' title='bbox 711 887 767 947; x_wconf 87' lang='lat' dir='ltr'><strong>cit.</strong></span> <span class='ocrx_word' id='word_1_24' title='bbox 792 887 891 950; x_wconf 89' lang='lat' dir='ltr'><strong>idem.</strong></span> 
     </span>
    </p>

    <p class='ocr_par' dir='ltr' id='par_1_4' title="bbox 234 985 1379 1064">
     <span class='ocr_line' id='line_1_5' title="bbox 234 985 1379 1064; baseline 0.006 -20"><span class='ocrx_word' id='word_1_25' title='bbox 234 985 287 1045; x_wconf 81' lang='lat' dir='ltr'><strong>Fr.</strong></span> <span class='ocrx_word' id='word_1_26' title='bbox 312 987 363 1047; x_wconf 85' lang='grc'><strong>99.</strong></span> <span class='ocrx_word' id='word_1_27' title='bbox 388 987 483 1061; x_wconf 80' lang='lat' dir='ltr'><strong>Apud</strong></span> <span class='ocrx_word' id='word_1_28' title='bbox 507 986 641 1048; x_wconf 72' lang='lat' dir='ltr'><strong>suidam</strong></span> <span class='ocrx_word' id='word_1_29' title='bbox 665 987 767 1060; x_wconf 81' lang='grc' dir='ltr'><strong><em>ξενίαν</em></strong></span> <span class='ocrx_word' id='word_1_30' title='bbox 789 1005 847 1064; x_wconf 94' lang='lat' dir='ltr'><strong>pro</strong></span> <span class='ocrx_word' id='word_1_31' title='bbox 871 988 978 1050; x_wconf 80' lang='grc' dir='ltr'><strong><em>πενίαν</em></strong></span> <span class='ocrx_word' id='word_1_32' title='bbox 1003 990 1148 1050; x_wconf 85' lang='lat' dir='ltr'><strong>correxit</strong></span> <span class='ocrx_word' id='word_1_33' title='bbox 1172 991 1379 1052; x_wconf 72' lang='lat' dir='ltr'><strong>uhaauwen.</strong></span> 
     </span>
    </p>

    <p class='ocr_par' dir='ltr' id='par_1_5' title="bbox 234 1084 1562 1268">
     <span class='ocr_line' id='line_1_6' title="bbox 234 1084 1562 1169; baseline 0.005 -23"><span class='ocrx_word' id='word_1_34' title='bbox 234 1087 286 1148; x_wconf 80' lang='lat' dir='ltr'><strong>Fr.</strong></span> <span class='ocrx_word' id='word_1_35' title='bbox 314 1088 386 1148; x_wconf 79' lang='lat'>104.</span> <span class='ocrx_word' id='word_1_36' title='bbox 410 1089 498 1148; x_wconf 88' lang='lat' dir='ltr'><strong>Bene</strong></span> <span class='ocrx_word' id='word_1_37' title='bbox 514 1084 624 1166; x_wconf 80' lang='grc' dir='ltr'><strong><em>’Ἀρεας</em></strong></span> <span class='ocrx_word' id='word_1_38' title='bbox 647 1105 706 1165; x_wconf 91' lang='lat' dir='ltr'><strong>pro</strong></span> <span class='ocrx_word' id='word_1_39' title='bbox 723 1086 825 1169; x_wconf 78' lang='grc' dir='ltr'><strong><em>’Ἀρεος</em></strong></span> <span class='ocrx_word' id='word_1_40' title='bbox 849 1091 913 1167; x_wconf 92' lang='lat' dir='ltr'><strong>Bl.,</strong></span> <span class='ocrx_word' id='word_1_41' title='bbox 939 1106 1005 1152; x_wconf 91' lang='lat' dir='ltr'><strong>non</strong></span> <span class='ocrx_word' id='word_1_42' title='bbox 1029 1092 1119 1151; x_wconf 90' lang='lat' dir='ltr'><strong>enim</strong></span> <span class='ocrx_word' id='word_1_43' title='bbox 1143 1092 1208 1152; x_wconf 89' lang='lat' dir='ltr'><strong>nisi</strong></span> <span class='ocrx_word' id='word_1_44' title='bbox 1231 1093 1331 1152; x_wconf 89' lang='lat' dir='ltr'><strong>metri</strong></span> <span class='ocrx_word' id='word_1_45' title='bbox 1356 1106 1457 1154; x_wconf 89' lang='lat' dir='ltr'><strong>causa</strong></span> <span class='ocrx_word' id='word_1_46' title='bbox 1480 1091 1562 1152; x_wconf 91' lang='lat' dir='ltr'><strong>haec</strong></span> 
     </span>
     <span class='ocr_line' id='line_1_7' title="bbox 279 1187 1173 1268; baseline 0.004 -20"><span class='ocrx_word' id='word_1_47' title='bbox 279 1187 470 1264; x_wconf 84' lang='lat' dir='ltr'><strong>similesque</strong></span> <span class='ocrx_word' id='word_1_48' title='bbox 493 1189 618 1251; x_wconf 88' lang='lat' dir='ltr'><strong>lormae</strong></span> <span class='ocrx_word' id='word_1_49' title='bbox 642 1205 662 1251; x_wconf 92' lang='lat' dir='ltr'><strong>a</strong></span> <span class='ocrx_word' id='word_1_50' title='bbox 684 1191 793 1268; x_wconf 88' lang='lat' dir='ltr'><strong>poetis</strong></span> <span class='ocrx_word' id='word_1_51' title='bbox 814 1193 938 1253; x_wconf 85' lang='lat' dir='ltr'><strong>Atticis</strong></span> <span class='ocrx_word' id='word_1_52' title='bbox 961 1194 1173 1267; x_wconf 81' lang='lat' dir='ltr'><strong>usurpantur.</strong></span> 
     </span>
    </p>

    <p class='ocr_par' dir='ltr' id='par_1_6' title="bbox 234 1290 678 1368">
     <span class='ocr_line' id='line_1_8' title="bbox 234 1290 678 1368; baseline 0.002 -18"><span class='ocrx_word' id='word_1_53' title='bbox 234 1291 287 1350; x_wconf 81' lang='lat' dir='ltr'><strong>Fr.</strong></span> <span class='ocrx_word' id='word_1_54' title='bbox 314 1292 386 1352; x_wconf 82' lang='lat'><strong>105.</strong></span> <span class='ocrx_word' id='word_1_55' title='bbox 411 1290 458 1352; x_wconf 83' lang='lat' dir='ltr'><strong>Of.</strong></span> <span class='ocrx_word' id='word_1_56' title='bbox 483 1291 678 1368; x_wconf 78' lang='grc' dir='ltr'><strong>δημοκοπεῖν.</strong></span> 
     </span>
    </p>

    <p class='ocr_par' dir='ltr' id='par_1_7' title="bbox 233 1390 1559 1573">
     <span class='ocr_line' id='line_1_9' title="bbox 233 1390 1559 1472; baseline 0.005 -22"><span class='ocrx_word' id='word_1_57' title='bbox 233 1391 287 1452; x_wconf 78' lang='lat' dir='ltr'><strong>Fr.</strong></span> <span class='ocrx_word' id='word_1_58' title='bbox 313 1393 385 1453; x_wconf 87' lang='grc'><strong>106.</strong></span> <span class='ocrx_word' id='word_1_59' title='bbox 410 1393 457 1455; x_wconf 90' lang='lat' dir='ltr'><strong>Bl.</strong></span> <span class='ocrx_word' id='word_1_60' title='bbox 478 1401 536 1452; x_wconf 86' lang='grc' dir='ltr'><strong>νῦν</strong></span> <span class='ocrx_word' id='word_1_61' title='bbox 554 1390 611 1472; x_wconf 83' lang='grc' dir='ltr'><strong>γὰρ</strong></span> <span class='ocrx_word' id='word_1_62' title='bbox 630 1391 783 1470; x_wconf 76' lang='grc' dir='ltr'><strong><em>εὐδαίμων</em></strong></span> <span class='ocrx_word' id='word_1_63' title='bbox 803 1391 893 1469; x_wconf 77' lang='grc' dir='ltr'><strong><em>ἔφυς,</em></strong></span> <span class='ocrx_word' id='word_1_64' title='bbox 916 1396 1001 1469; x_wconf 91' lang='lat' dir='ltr'><strong>quod</strong></span> <span class='ocrx_word' id='word_1_65' title='bbox 1025 1411 1091 1458; x_wconf 90' lang='lat' dir='ltr'><strong>non</strong></span> <span class='ocrx_word' id='word_1_66' title='bbox 1115 1395 1264 1470; x_wconf 84' lang='lat' dir='ltr'><strong>praefero</strong></span> <span class='ocrx_word' id='word_1_67' title='bbox 1289 1396 1412 1457; x_wconf 86' lang='lat' dir='ltr'><strong>Iacobii</strong></span> <span class='ocrx_word' id='word_1_68' title='bbox 1432 1399 1465 1457; x_wconf 89' lang='lat' dir='ltr'><strong>et</strong></span> <span class='ocrx_word' id='word_1_69' title='bbox 1486 1395 1559 1456; x_wconf 88' lang='lat' dir='ltr'><strong>Mei·</strong></span> 
     </span>
     <span class='ocr_line' id='line_1_10' title="bbox 281 1494 1559 1573; baseline 0 -17"><span class='ocrx_word' id='word_1_70' title='bbox 281 1494 368 1556; x_wconf 88' lang='lat' dir='ltr'><strong>celrii</strong></span> <span class='ocrx_word' id='word_1_71' title='bbox 385 1496 592 1572; x_wconf 89' lang='lat' dir='ltr'><strong>correctioni,</strong></span> <span class='ocrx_word' id='word_1_72' title='bbox 615 1511 715 1570; x_wconf 91' lang='lat' dir='ltr'><strong>quam</strong></span> <span class='ocrx_word' id='word_1_73' title='bbox 734 1495 817 1558; x_wconf 91' lang='lat' dir='ltr'><strong>bene</strong></span> <span class='ocrx_word' id='word_1_74' title='bbox 833 1496 978 1572; x_wconf 87' lang='lat' dir='ltr'><strong>explicat</strong></span> <span class='ocrx_word' id='word_1_75' title='bbox 998 1497 1099 1560; x_wconf 79' lang='lat' dir='ltr'><strong>Koch.</strong></span> <span class='ocrx_word' id='word_1_76' title='bbox 1120 1498 1170 1558; x_wconf 79' lang='lat' dir='ltr'><strong>Ex</strong></span> <span class='ocrx_word' id='word_1_77' title='bbox 1182 1494 1256 1573; x_wconf 80' lang='grc' dir='ltr'><strong><em>ίγνς</em></strong></span> <span class='ocrx_word' id='word_1_78' title='bbox 1269 1498 1559 1573; x_wconf 88' lang='lat' dir='ltr'><strong>apparatparodia.</strong></span> 
     </span>
    </p>

    <p class='ocr_par' dir='ltr' id='par_1_8' title="bbox 233 1592 1560 1780">
     <span class='ocr_line' id='line_1_11' title="bbox 233 1592 1559 1682; baseline 0.001 -24"><span class='ocrx_word' id='word_1_79' title='bbox 233 1599 287 1659; x_wconf 74' lang='lat' dir='ltr'><strong>rr.</strong></span> <span class='ocrx_word' id='word_1_80' title='bbox 314 1598 387 1658; x_wconf 84' lang='lat'>112.</span> <span class='ocrx_word' id='word_1_81' title='bbox 417 1596 467 1658; x_wconf 88' lang='lat' dir='ltr'><strong>Bl.</strong></span> <span class='ocrx_word' id='word_1_82' title='bbox 491 1592 576 1676; x_wconf 80' lang='grc' dir='ltr'><strong><em>ὁρᾶτε</em></strong></span> <span class='ocrx_word' id='word_1_83' title='bbox 604 1604 690 1658; x_wconf 83' lang='grc' dir='ltr'><strong><em>&lt;νῠν</em></strong></span> <span class='ocrx_word' id='word_1_84' title='bbox 714 1601 792 1674; x_wconf 82' lang='grc' dir='ltr'><strong><em>(νυν,</em></strong></span> <span class='ocrx_word' id='word_1_85' title='bbox 814 1595 912 1678; x_wconf 69' lang='lat' dir='ltr'><strong>pcipi&gt;</strong></span> <span class='ocrx_word' id='word_1_86' title='bbox 940 1597 1040 1678; x_wconf 78' lang='grc' dir='ltr'><strong><em>διῆρες</em></strong></span> <span class='ocrx_word' id='word_1_87' title='bbox 1063 1596 1203 1682; x_wconf 76' lang='grc' dir='ltr'><strong><em>ὑπερῷον</em></strong></span> <span class='ocrx_word' id='word_1_88' title='bbox 1230 1597 1356 1661; x_wconf 83' lang='grc' dir='ltr'><strong><em>&lt;τόδε&gt;</em></strong></span> <span class='ocrx_word' id='word_1_89' title='bbox 1384 1614 1460 1660; x_wconf 84' lang='lat' dir='ltr'><strong>cum</strong></span> <span class='ocrx_word' id='word_1_90' title='bbox 1485 1600 1559 1660; x_wconf 79' lang='lat' dir='ltr'><strong>Mei·</strong></span> 
     </span>
     <span class='ocr_line' id='line_1_12' title="bbox 277 1696 1560 1780; baseline -0.001 -19"><span class='ocrx_word' id='word_1_91' title='bbox 277 1699 387 1775; x_wconf 83' lang='lat' dir='ltr'><strong>neklo,</strong></span> <span class='ocrx_word' id='word_1_92' title='bbox 409 1700 464 1774; x_wconf 89' lang='lat' dir='ltr'><strong>qui</strong></span> <span class='ocrx_word' id='word_1_93' title='bbox 483 1699 592 1760; x_wconf 87' lang='lat' dir='ltr'><strong>lanius</strong></span> <span class='ocrx_word' id='word_1_94' title='bbox 609 1700 726 1760; x_wconf 85' lang='lat' dir='ltr'><strong>inserit</strong></span> <span class='ocrx_word' id='word_1_95' title='bbox 744 1720 796 1758; x_wconf 88' lang='grc' dir='ltr'><strong><em>τοι.</em></strong></span> <span class='ocrx_word' id='word_1_96' title='bbox 817 1699 927 1761; x_wconf 76' lang='lat' dir='ltr'><strong>Etiam</strong></span> <span class='ocrx_word' id='word_1_97' title='bbox 946 1701 1078 1762; x_wconf 80' lang='lat' dir='ltr'><strong>facilius</strong></span> <span class='ocrx_word' id='word_1_98' title='bbox 1098 1700 1184 1762; x_wconf 82' lang='lat' dir='ltr'><strong>elabi</strong></span> <span class='ocrx_word' id='word_1_99' title='bbox 1204 1701 1311 1776; x_wconf 88' lang='lat' dir='ltr'><strong>potuit</strong></span> <span class='ocrx_word' id='word_1_100' title='bbox 1329 1721 1359 1760; x_wconf 87' lang='grc' dir='ltr'><strong><em>τε</em></strong></span> <span class='ocrx_word' id='word_1_101' title='bbox 1378 1703 1452 1776; x_wconf 90' lang='lat' dir='ltr'><strong>post</strong></span> <span class='ocrx_word' id='word_1_102' title='bbox 1466 1696 1560 1780; x_wconf 84' lang='grc' dir='ltr'><strong><em>ὁρᾶτε.</em></strong></span> 
     </span>
    </p>

    <p class='ocr_par' dir='ltr' id='par_1_9' title="bbox 232 1796 1564 3304">
     <span class='ocr_line' id='line_1_13' title="bbox 232 1796 1563 1880; baseline 0.002 -18"><span class='ocrx_word' id='word_1_103' title='bbox 232 1801 285 1862; x_wconf 79' lang='lat' dir='ltr'><strong>Fr.</strong></span> <span class='ocrx_word' id='word_1_104' title='bbox 308 1802 382 1862; x_wconf 82' lang='lat'>113.</span> <span class='ocrx_word' id='word_1_105' title='bbox 407 1797 795 1877; x_wconf 82' lang='grc' dir='ltr'><strong><em>ἐνιαυτιζσμάπλάκσυντος.</em></strong></span> <span class='ocrx_word' id='word_1_106' title='bbox 821 1801 956 1864; x_wconf 76' lang='lat' dir='ltr'><strong>Rectius</strong></span> <span class='ocrx_word' id='word_1_107' title='bbox 976 1802 1107 1863; x_wconf 73' lang='lat' dir='ltr'><strong>Ahren!</strong></span> <span class='ocrx_word' id='word_1_108' title='bbox 1127 1799 1329 1879; x_wconf 80' lang='grc' dir='ltr'><strong><em>ἐνιαυτίζομαι</em></strong></span> <span class='ocrx_word' id='word_1_109' title='bbox 1348 1796 1563 1880; x_wconf 87' lang='grc' dir='ltr'><strong><em>’πλάκουντος,</em></strong></span> 
     </span>
     <span class='ocr_line' id='line_1_14' title="bbox 277 1898 1562 1984; baseline -0.002 -20"><span class='ocrx_word' id='word_1_110' title='bbox 277 1906 314 1964; x_wconf 79' lang='grc' dir='ltr'><strong><em>θλ</em></strong></span> <span class='ocrx_word' id='word_1_111' title='bbox 342 1903 497 1964; x_wconf 83' lang='lat' dir='ltr'><strong>similiter</strong></span> <span class='ocrx_word' id='word_1_112' title='bbox 526 1903 608 1965; x_wconf 83' lang='lat' dir='ltr'><strong>Ran.</strong></span> <span class='ocrx_word' id='word_1_113' title='bbox 634 1904 699 1964; x_wconf 84' lang='lat'><strong>509</strong></span> <span class='ocrx_word' id='word_1_114' title='bbox 728 1902 915 1984; x_wconf 76' lang='grc' dir='ltr'><strong><em>περιόψομαι</em></strong></span> <span class='ocrx_word' id='word_1_115' title='bbox 943 1898 1107 1964; x_wconf 82' lang='grc' dir='ltr'><strong><em>’πελθάντα</em></strong></span> <span class='ocrx_word' id='word_1_116' title='bbox 1139 1920 1197 1980; x_wconf 90' lang='lat' dir='ltr'><strong>pro</strong></span> <span class='ocrx_word' id='word_1_117' title='bbox 1220 1900 1562 1981; x_wconf 77' lang='grc' dir='ltr'><strong><em>περιόψομάπελθόντα,</em></strong></span> 
     </span>
     <span class='ocr_line' id='line_1_15' title="bbox 277 2003 1562 2082; baseline 0.001 -17"><span class='ocrx_word' id='word_1_118' title='bbox 277 2004 425 2079; x_wconf 83' lang='lat' dir='ltr'><strong>aliasque</strong></span> <span class='ocrx_word' id='word_1_119' title='bbox 455 2019 539 2078; x_wconf 89' lang='lat' dir='ltr'><strong>quae</strong></span> <span class='ocrx_word' id='word_1_120' title='bbox 568 2003 652 2065; x_wconf 85' lang='lat' dir='ltr'><strong>falso</strong></span> <span class='ocrx_word' id='word_1_121' title='bbox 683 2019 794 2066; x_wconf 88' lang='lat' dir='ltr'><strong>erasas</strong></span> <span class='ocrx_word' id='word_1_122' title='bbox 818 2005 1056 2066; x_wconf 87' lang='lat' dir='ltr'><strong>existimantur</strong></span> <span class='ocrx_word' id='word_1_123' title='bbox 1079 2004 1290 2080; x_wconf 87' lang='lat' dir='ltr'><strong>corrigendas</strong></span> <span class='ocrx_word' id='word_1_124' title='bbox 1313 2019 1387 2066; x_wconf 89' lang='lat' dir='ltr'><strong>essa</strong></span> <span class='ocrx_word' id='word_1_125' title='bbox 1411 2005 1562 2082; x_wconf 90' lang='lat' dir='ltr'><strong>arbitror,</strong></span> 
     </span>
     <span class='ocr_line' id='line_1_16' title="bbox 279 2106 1563 2182; baseline 0.001 -16"><span class='ocrx_word' id='word_1_126' title='bbox 279 2107 389 2182; x_wconf 86' lang='lat' dir='ltr'><strong>itaque</strong></span> <span class='ocrx_word' id='word_1_127' title='bbox 419 2108 561 2168; x_wconf 88' lang='lat' dir='ltr'><strong>retracto</strong></span> <span class='ocrx_word' id='word_1_128' title='bbox 591 2107 676 2181; x_wconf 91' lang='lat' dir='ltr'><strong>quod</strong></span> <span class='ocrx_word' id='word_1_129' title='bbox 707 2107 785 2167; x_wconf 91' lang='lat' dir='ltr'><strong>olim</strong></span> <span class='ocrx_word' id='word_1_130' title='bbox 818 2107 852 2166; x_wconf 88' lang='lat' dir='ltr'><strong>in</strong></span> <span class='ocrx_word' id='word_1_131' title='bbox 876 2106 1027 2166; x_wconf 87' lang='lat' dir='ltr'><strong>Alexidis</strong></span> <span class='ocrx_word' id='word_1_132' title='bbox 1050 2107 1088 2167; x_wconf 87' lang='lat' dir='ltr'><strong>ir.</strong></span> <span class='ocrx_word' id='word_1_133' title='bbox 1114 2107 1178 2166; x_wconf 87' lang='grc'><strong>301</strong></span> <span class='ocrx_word' id='word_1_134' title='bbox 1204 2106 1415 2167; x_wconf 87' lang='lat' dir='ltr'><strong>scribendum</strong></span> <span class='ocrx_word' id='word_1_135' title='bbox 1439 2107 1563 2167; x_wconf 90' lang='lat' dir='ltr'><strong>conieci</strong></span> 
     </span>
     <span class='ocr_line' id='line_1_17' title="bbox 278 2204 1563 2286; baseline 0.002 -20"><span class='ocrx_word' id='word_1_136' title='bbox 278 2206 312 2267; x_wconf 84' lang='grc' dir='ltr'><strong><em>τί</em></strong></span> <span class='ocrx_word' id='word_1_137' title='bbox 346 2204 654 2286; x_wconf 78' lang='grc' dir='ltr'><strong><em>δισμίζεσθάβεβαίος.</em></strong></span> <span class='ocrx_word' id='word_1_138' title='bbox 689 2206 796 2269; x_wconf 83' lang='lat' dir='ltr'><strong>Causa</strong></span> <span class='ocrx_word' id='word_1_139' title='bbox 827 2223 884 2268; x_wconf 91' lang='lat' dir='ltr'><strong>cur</strong></span> <span class='ocrx_word' id='word_1_140' title='bbox 915 2207 1081 2268; x_wconf 83' lang='lat' dir='ltr'><strong>interdum</strong></span> <span class='ocrx_word' id='word_1_141' title='bbox 1112 2207 1161 2268; x_wconf 89' lang='lat' dir='ltr'><strong>ita</strong></span> <span class='ocrx_word' id='word_1_142' title='bbox 1191 2207 1345 2269; x_wconf 82' lang='lat' dir='ltr'><strong>scribitur</strong></span> <span class='ocrx_word' id='word_1_143' title='bbox 1375 2210 1446 2269; x_wconf 90' lang='lat' dir='ltr'><strong>erat</strong></span> <span class='ocrx_word' id='word_1_144' title='bbox 1477 2208 1563 2268; x_wconf 87' lang='lat' dir='ltr'><strong>falsa</strong></span> 
     </span>
     <span class='ocr_line' id='line_1_18' title="bbox 277 2308 1563 2386; baseline -0.001 -16"><span class='ocrx_word' id='word_1_145' title='bbox 277 2310 387 2386; x_wconf 89' lang='lat' dir='ltr'><strong>opinio</strong></span> <span class='ocrx_word' id='word_1_146' title='bbox 420 2308 554 2370; x_wconf 85' lang='lat' dir='ltr'><strong>licuisse</strong></span> <span class='ocrx_word' id='word_1_147' title='bbox 586 2308 829 2384; x_wconf 87' lang='lat' dir='ltr'><strong>antiquioribus</strong></span> <span class='ocrx_word' id='word_1_148' title='bbox 864 2309 1000 2370; x_wconf 88' lang='lat' dir='ltr'><strong>comicis</strong></span> <span class='ocrx_word' id='word_1_149' title='bbox 1037 2309 1279 2384; x_wconf 83' lang='lat' dir='ltr'><strong>diphthongum</strong></span> <span class='ocrx_word' id='word_1_150' title='bbox 1315 2310 1393 2370; x_wconf 88' lang='lat' dir='ltr'><strong>ante</strong></span> <span class='ocrx_word' id='word_1_151' title='bbox 1428 2309 1563 2370; x_wconf 85' lang='lat' dir='ltr'><strong>brevem</strong></span> 
     </span>
     <span class='ocr_line' id='line_1_19' title="bbox 278 2409 1561 2487; baseline 0.001 -17"><span class='ocrx_word' id='word_1_152' title='bbox 278 2410 442 2485; x_wconf 84' lang='lat' dir='ltr'><strong>syllabam</strong></span> <span class='ocrx_word' id='word_1_153' title='bbox 473 2409 608 2487; x_wconf 84' lang='lat' dir='ltr'><strong>elidere,</strong></span> <span class='ocrx_word' id='word_1_154' title='bbox 640 2410 726 2486; x_wconf 92' lang='lat' dir='ltr'><strong>quod</strong></span> <span class='ocrx_word' id='word_1_155' title='bbox 749 2411 819 2471; x_wconf 90' lang='lat' dir='ltr'><strong>iure</strong></span> <span class='ocrx_word' id='word_1_156' title='bbox 844 2411 978 2485; x_wconf 86' lang='lat' dir='ltr'><strong>negavit</strong></span> <span class='ocrx_word' id='word_1_157' title='bbox 1003 2410 1083 2471; x_wconf 93' lang='lat' dir='ltr'><strong>olim</strong></span> <span class='ocrx_word' id='word_1_158' title='bbox 1107 2409 1234 2486; x_wconf 88' lang='lat' dir='ltr'><strong>Nauck,</strong></span> <span class='ocrx_word' id='word_1_159' title='bbox 1259 2425 1358 2485; x_wconf 89' lang='lat' dir='ltr'><strong>quem</strong></span> <span class='ocrx_word' id='word_1_160' title='bbox 1381 2410 1415 2471; x_wconf 89' lang='lat' dir='ltr'><strong>in</strong></span> <span class='ocrx_word' id='word_1_161' title='bbox 1439 2410 1561 2472; x_wconf 83' lang='lat' dir='ltr'><strong>Aristo·</strong></span> 
     </span>
     <span class='ocr_line' id='line_1_20' title="bbox 278 2511 1562 2588; baseline 0.001 -17"><span class='ocrx_word' id='word_1_162' title='bbox 278 2512 386 2588; x_wconf 87' lang='lat' dir='ltr'><strong>phana</strong></span> <span class='ocrx_word' id='word_1_163' title='bbox 420 2511 544 2574; x_wconf 88' lang='lat' dir='ltr'><strong>edendo</strong></span> <span class='ocrx_word' id='word_1_164' title='bbox 578 2512 661 2574; x_wconf 92' lang='lat' dir='ltr'><strong>bene</strong></span> <span class='ocrx_word' id='word_1_165' title='bbox 690 2513 840 2588; x_wconf 90' lang='lat' dir='ltr'><strong>sequitur</strong></span> <span class='ocrx_word' id='word_1_166' title='bbox 871 2513 1078 2574; x_wconf 75' lang='lat' dir='ltr'><strong>uheeuwen.</strong></span> <span class='ocrx_word' id='word_1_167' title='bbox 1109 2513 1271 2586; x_wconf 89' lang='lat' dir='ltr'><strong>Perpetuo</strong></span> <span class='ocrx_word' id='word_1_168' title='bbox 1294 2526 1333 2573; x_wconf 88' lang='lat' dir='ltr'><strong>aa</strong></span> <span class='ocrx_word' id='word_1_169' title='bbox 1356 2512 1389 2572; x_wconf 91' lang='lat' dir='ltr'><strong>in</strong></span> <span class='ocrx_word' id='word_1_170' title='bbox 1413 2528 1448 2573; x_wconf 91' lang='lat' dir='ltr'><strong>re</strong></span> <span class='ocrx_word' id='word_1_171' title='bbox 1470 2512 1562 2574; x_wconf 86' lang='lat' dir='ltr'><strong>Koch</strong></span> 
     </span>
     <span class='ocr_line' id='line_1_21' title="bbox 279 2612 1564 2689; baseline -0.001 -14"><span class='ocrx_word' id='word_1_172' title='bbox 279 2615 437 2689; x_wconf 85' lang='lat' dir='ltr'><strong>peccavit.</strong></span> <span class='ocrx_word' id='word_1_173' title='bbox 472 2614 685 2675; x_wconf 88' lang='lat' dir='ltr'><strong>Recenticres</strong></span> <span class='ocrx_word' id='word_1_174' title='bbox 718 2616 832 2675; x_wconf 91' lang='lat' dir='ltr'><strong>tamen</strong></span> <span class='ocrx_word' id='word_1_175' title='bbox 867 2615 1011 2677; x_wconf 90' lang='lat' dir='ltr'><strong>comicos</strong></span> <span class='ocrx_word' id='word_1_176' title='bbox 1038 2614 1101 2674; x_wconf 93' lang='lat' dir='ltr'><strong>hac</strong></span> <span class='ocrx_word' id='word_1_177' title='bbox 1131 2612 1203 2688; x_wconf 87' lang='lat' dir='ltr'><strong>lege</strong></span> <span class='ocrx_word' id='word_1_178' title='bbox 1234 2628 1300 2674; x_wconf 89' lang='lat' dir='ltr'><strong>non</strong></span> <span class='ocrx_word' id='word_1_179' title='bbox 1330 2615 1495 2686; x_wconf 88' lang='lat' dir='ltr'><strong>tenentur,</strong></span> <span class='ocrx_word' id='word_1_180' title='bbox 1526 2616 1564 2674; x_wconf 89' lang='lat' dir='ltr'><strong>ut</strong></span> 
     </span>
     <span class='ocr_line' id='line_1_22' title="bbox 280 2707 1561 2792; baseline -0.002 -15"><span class='ocrx_word' id='word_1_181' title='bbox 280 2732 348 2778; x_wconf 72' lang='lat' dir='ltr'><strong>ac.</strong></span> <span class='ocrx_word' id='word_1_182' title='bbox 369 2716 574 2792; x_wconf 84' lang='lat' dir='ltr'><strong>Antiphanes</strong></span> <span class='ocrx_word' id='word_1_183' title='bbox 594 2717 633 2778; x_wconf 87' lang='lat' dir='ltr'><strong>ir.</strong></span> <span class='ocrx_word' id='word_1_184' title='bbox 648 2717 757 2792; x_wconf 90' lang='grc'><strong>240,8</strong></span> <span class='ocrx_word' id='word_1_185' title='bbox 778 2717 912 2791; x_wconf 88' lang='lat' dir='ltr'><strong>scripsit</strong></span> <span class='ocrx_word' id='word_1_186' title='bbox 932 2708 1132 2790; x_wconf 74' lang='grc' dir='ltr'><strong><em>κατακέκοφθ’</em></strong></span> <span class='ocrx_word' id='word_1_187' title='bbox 1155 2707 1204 2773; x_wconf 78' lang='grc' dir='ltr'><strong>ὑπ’</strong></span> <span class='ocrx_word' id='word_1_188' title='bbox 1226 2713 1356 2774; x_wconf 81' lang='grc' dir='ltr'><strong><em>οἰκετῶν.</em></strong></span> <span class='ocrx_word' id='word_1_189' title='bbox 1380 2713 1427 2776; x_wconf 83' lang='grc'><strong>01.</strong></span> <span class='ocrx_word' id='word_1_190' title='bbox 1452 2715 1561 2790; x_wconf 86' lang='grc'><strong>260,2</strong></span> 
     </span>
     <span class='ocr_line' id='line_1_23' title="bbox 281 2812 1564 2896; baseline -0.003 -18"><span class='ocrx_word' id='word_1_191' title='bbox 281 2819 342 2879; x_wconf 90' lang='lat' dir='ltr'><strong>etc.</strong></span> <span class='ocrx_word' id='word_1_192' title='bbox 362 2851 401 2861; x_wconf 91' lang='lat'>-</span> <span class='ocrx_word' id='word_1_193' title='bbox 420 2816 574 2879; x_wconf 78' lang='lat' dir='ltr'><strong>Ceterum</strong></span> <span class='ocrx_word' id='word_1_194' title='bbox 600 2816 649 2878; x_wconf 91' lang='lat' dir='ltr'><strong>Bl.</strong></span> <span class='ocrx_word' id='word_1_195' title='bbox 669 2817 823 2893; x_wconf 88' lang='lat' dir='ltr'><strong>proponit</strong></span> <span class='ocrx_word' id='word_1_196' title='bbox 844 2815 965 2896; x_wconf 67' lang='lat' dir='ltr'><strong>&lt;lyam</strong></span> <span class='ocrx_word' id='word_1_197' title='bbox 990 2815 1111 2894; x_wconf 70' lang='lat' dir='ltr'><strong>privor&gt;</strong></span> <span class='ocrx_word' id='word_1_198' title='bbox 1135 2812 1323 2895; x_wconf 70' lang='grc' dir='ltr'><strong><em>ἄσπλαγχνος</em></strong></span> <span class='ocrx_word' id='word_1_199' title='bbox 1347 2813 1564 2893; x_wconf 74' lang='grc' dir='ltr'><strong><em>ἐνιαυτίζομαι,</em></strong></span> 
     </span>
     <span class='ocr_line' id='line_1_24' title="bbox 281 2913 1562 2997; baseline 0 -19"><span class='ocrx_word' id='word_1_200' title='bbox 281 2915 502 2995; x_wconf 84' lang='grc' dir='ltr'><strong><em>ἀπλάκουντος,</em></strong></span> <span class='ocrx_word' id='word_1_201' title='bbox 542 2915 728 2997; x_wconf 81' lang='grc' dir='ltr'><strong><em>άλβάνωτος,</em></strong></span> <span class='ocrx_word' id='word_1_202' title='bbox 766 2917 853 2995; x_wconf 74' lang='lat' dir='ltr'><strong>&lt;alut</strong></span> <span class='ocrx_word' id='word_1_203' title='bbox 895 2926 954 2978; x_wconf 82' lang='grc' dir='ltr'><strong>τῶν</strong></span> <span class='ocrx_word' id='word_1_204' title='bbox 988 2922 1115 2996; x_wconf 71' lang='grc' dir='ltr'><strong><em>θεῶν),</em></strong></span> <span class='ocrx_word' id='word_1_205' title='bbox 1149 2917 1256 2979; x_wconf 81' lang='lat' dir='ltr'><strong>deleto</strong></span> <span class='ocrx_word' id='word_1_206' title='bbox 1290 2913 1447 2997; x_wconf 72' lang='grc' dir='ltr'><strong><em>ἄγευστος,</em></strong></span> <span class='ocrx_word' id='word_1_207' title='bbox 1477 2917 1562 2991; x_wconf 87' lang='lat' dir='ltr'><strong>quod</strong></span> 
     </span>
     <span class='ocr_line' id='line_1_25' title="bbox 280 3017 1562 3096; baseline -0.002 -16"><span class='ocrx_word' id='word_1_208' title='bbox 280 3035 361 3082; x_wconf 87' lang='lat' dir='ltr'><strong>sana</strong></span> <span class='ocrx_word' id='word_1_209' title='bbox 391 3024 584 3095; x_wconf 88' lang='lat' dir='ltr'><strong>suspectum</strong></span> <span class='ocrx_word' id='word_1_210' title='bbox 619 3023 684 3096; x_wconf 88' lang='lat' dir='ltr'><strong>ast,</strong></span> <span class='ocrx_word' id='word_1_211' title='bbox 716 3021 775 3081; x_wconf 89' lang='lat' dir='ltr'><strong>sed</strong></span> <span class='ocrx_word' id='word_1_212' title='bbox 805 3021 853 3080; x_wconf 91' lang='lat' dir='ltr'><strong>ita</strong></span> <span class='ocrx_word' id='word_1_213' title='bbox 885 3019 993 3081; x_wconf 83' lang='lat' dir='ltr'><strong>verbis</strong></span> <span class='ocrx_word' id='word_1_214' title='bbox 1019 3017 1078 3096; x_wconf 85' lang='grc' dir='ltr'><strong><em>τίμι</em></strong></span> <span class='ocrx_word' id='word_1_215' title='bbox 1101 3027 1160 3078; x_wconf 83' lang='grc' dir='ltr'><strong>τῶν</strong></span> <span class='ocrx_word' id='word_1_216' title='bbox 1190 3023 1273 3078; x_wconf 79' lang='grc' dir='ltr'><strong><em>θεῶν</em></strong></span> <span class='ocrx_word' id='word_1_217' title='bbox 1296 3018 1388 3079; x_wconf 89' lang='lat' dir='ltr'><strong>locus</strong></span> <span class='ocrx_word' id='word_1_218' title='bbox 1411 3033 1476 3079; x_wconf 89' lang='lat' dir='ltr'><strong>non</strong></span> <span class='ocrx_word' id='word_1_219' title='bbox 1500 3022 1562 3078; x_wconf 88' lang='lat' dir='ltr'><strong>est.</strong></span> 
     </span>
     <span class='ocr_line' id='line_1_26' title="bbox 278 3115 1562 3201; baseline -0.002 -19"><span class='ocrx_word' id='word_1_220' title='bbox 278 3123 385 3183; x_wconf 80' lang='lat' dir='ltr'><strong>Facile</strong></span> <span class='ocrx_word' id='word_1_221' title='bbox 415 3125 468 3183; x_wconf 74' lang='lat' dir='ltr'><strong>ant</strong></span> <span class='ocrx_word' id='word_1_222' title='bbox 498 3137 615 3183; x_wconf 72' lang='lat' dir='ltr'><strong>versun</strong></span> <span class='ocrx_word' id='word_1_223' title='bbox 649 3122 757 3183; x_wconf 87' lang='lat' dir='ltr'><strong>facere</strong></span> <span class='ocrx_word' id='word_1_224' title='bbox 792 3121 962 3197; x_wconf 90' lang='lat' dir='ltr'><strong>meliores,</strong></span> <span class='ocrx_word' id='word_1_225' title='bbox 988 3137 1020 3182; x_wconf 80' lang='lat' dir='ltr'><strong>v,</strong></span> <span class='ocrx_word' id='word_1_226' title='bbox 1052 3136 1079 3182; x_wconf 87' lang='lat' dir='ltr'><strong>c.</strong></span> <span class='ocrx_word' id='word_1_227' title='bbox 1108 3127 1197 3183; x_wconf 78' lang='lat' dir='ltr'><strong>&lt;roa</strong></span> <span class='ocrx_word' id='word_1_228' title='bbox 1219 3117 1276 3200; x_wconf 82' lang='grc' dir='ltr'><strong>γὰρ</strong></span> <span class='ocrx_word' id='word_1_229' title='bbox 1310 3124 1422 3182; x_wconf 72' lang='lat' dir='ltr'><strong>trev&gt;</strong></span> <span class='ocrx_word' id='word_1_230' title='bbox 1442 3115 1455 3201; x_wconf 87' lang='grc' dir='ltr'><strong>ΙΙ</strong></span> <span class='ocrx_word' id='word_1_231' title='bbox 1472 3118 1562 3200; x_wconf 77' lang='grc' dir='ltr'><strong><em>ἔγωγε</em></strong></span> 
     </span>
     <span class='ocr_line' id='line_1_27' title="bbox 277 3217 1304 3304; baseline -0.002 -22"><span class='ocrx_word' id='word_1_232' title='bbox 277 3222 369 3300; x_wconf 78' lang='grc' dir='ltr'><strong><em>μόνος</em></strong></span> <span class='ocrx_word' id='word_1_233' title='bbox 392 3220 580 3304; x_wconf 73' lang='grc' dir='ltr'><strong><em>ἄσπλαγχνος</em></strong></span> <span class='ocrx_word' id='word_1_234' title='bbox 605 3221 821 3300; x_wconf 76' lang='grc' dir='ltr'><strong><em>ἐνιαυτίζομαι,</em></strong></span> <span class='ocrx_word' id='word_1_235' title='bbox 838 3217 851 3302; x_wconf 88' lang='grc' dir='ltr'><strong>ΙΙ</strong></span> <span class='ocrx_word' id='word_1_236' title='bbox 867 3220 1089 3298; x_wconf 79' lang='grc' dir='ltr'><strong><em>ἀπλάκουντος,</em></strong></span> <span class='ocrx_word' id='word_1_237' title='bbox 1111 3219 1304 3300; x_wconf 81' lang='grc' dir='ltr'><strong><em>ἀλιβάνωτος.</em></strong></span> 
     </span>
    </p>

    <p class='ocr_par' dir='ltr' id='par_1_10' title="bbox 230 3323 1563 3500">
     <span class='ocr_line' id='line_1_28' title="bbox 230 3323 1563 3402; baseline -0.002 -16"><span class='ocrx_word' id='word_1_238' title='bbox 230 3325 285 3386; x_wconf 79' lang='lat' dir='ltr'><strong>Fr.</strong></span> <span class='ocrx_word' id='word_1_239' title='bbox 312 3325 386 3400; x_wconf 82' lang='lat'><strong>114,</strong></span> <span class='ocrx_word' id='word_1_240' title='bbox 407 3325 437 3386; x_wconf 92' lang='grc'><strong>2.</strong></span> <span class='ocrx_word' id='word_1_241' title='bbox 458 3325 541 3386; x_wconf 87' lang='lat' dir='ltr'><strong>Vere</strong></span> <span class='ocrx_word' id='word_1_242' title='bbox 561 3326 654 3388; x_wconf 89' lang='lat' dir='ltr'><strong>Koclr</strong></span> <span class='ocrx_word' id='word_1_243' title='bbox 677 3341 801 3402; x_wconf 87' lang='lat' dir='ltr'><strong>,neque</strong></span> <span class='ocrx_word' id='word_1_244' title='bbox 821 3326 860 3386; x_wconf 92' lang='lat' dir='ltr'><strong>de</strong></span> <span class='ocrx_word' id='word_1_245' title='bbox 880 3327 1104 3399; x_wconf 83' lang='lat' dir='ltr'><strong>matronaque</strong></span> <span class='ocrx_word' id='word_1_246' title='bbox 1117 3325 1156 3386; x_wconf 90' lang='lat' dir='ltr'><strong>da</strong></span> <span class='ocrx_word' id='word_1_247' title='bbox 1169 3323 1280 3384; x_wconf 85' lang='lat' dir='ltr'><strong>verbis</strong></span> <span class='ocrx_word' id='word_1_248' title='bbox 1299 3338 1404 3399; x_wconf 89' lang='lat' dir='ltr'><strong>neque</strong></span> <span class='ocrx_word' id='word_1_249' title='bbox 1424 3323 1563 3397; x_wconf 88' lang='lat' dir='ltr'><strong>denique</strong></span> 
     </span>
     <span class='ocr_line' id='line_1_29' title="bbox 279 3424 1519 3500; baseline -0.002 -12"><span class='ocrx_word' id='word_1_250' title='bbox 279 3427 318 3488; x_wconf 90' lang='lat' dir='ltr'><strong>de</strong></span> <span class='ocrx_word' id='word_1_251' title='bbox 341 3427 508 3487; x_wconf 89' lang='lat' dir='ltr'><strong>sententia</strong></span> <span class='ocrx_word' id='word_1_252' title='bbox 530 3429 696 3489; x_wconf 80' lang='lat' dir='ltr'><strong>constat.·’</strong></span> <span class='ocrx_word' id='word_1_253' title='bbox 721 3427 902 3488; x_wconf 69' lang='lat' dir='ltr'><strong>&#39;trimetros</strong></span> <span class='ocrx_word' id='word_1_254' title='bbox 925 3428 1038 3487; x_wconf 90' lang='lat' dir='ltr'><strong>tamen</strong></span> <span class='ocrx_word' id='word_1_255' title='bbox 1062 3426 1165 3486; x_wconf 89' lang='lat' dir='ltr'><strong>luisse</strong></span> <span class='ocrx_word' id='word_1_256' title='bbox 1188 3424 1355 3500; x_wconf 86' lang='lat' dir='ltr'><strong>probabile</strong></span> <span class='ocrx_word' id='word_1_257' title='bbox 1378 3425 1519 3485; x_wconf 85' lang='lat' dir='ltr'><strong>videtur.</strong></span> 
     </span>
    </p>

    <p class='ocr_par' dir='ltr' id='par_1_11' title="bbox 324 3526 1561 3606">
     <span class='ocr_line' id='line_1_30' title="bbox 324 3526 1561 3606; baseline -0.002 -18"><span class='ocrx_word' id='word_1_258' title='bbox 324 3527 445 3590; x_wconf 86' lang='lat' dir='ltr'><strong>Locum</strong></span> <span class='ocrx_word' id='word_1_259' title='bbox 469 3527 646 3590; x_wconf 90' lang='lat' dir='ltr'><strong>emendare</strong></span> <span class='ocrx_word' id='word_1_260' title='bbox 669 3543 810 3606; x_wconf 87' lang='lat' dir='ltr'><strong>nequeo,</strong></span> <span class='ocrx_word' id='word_1_261' title='bbox 834 3529 892 3590; x_wconf 90' lang='lat' dir='ltr'><strong>sed</strong></span> <span class='ocrx_word' id='word_1_262' title='bbox 916 3528 979 3588; x_wconf 93' lang='lat' dir='ltr'><strong>hoc</strong></span> <span class='ocrx_word' id='word_1_263' title='bbox 997 3529 1134 3589; x_wconf 89' lang='lat' dir='ltr'><strong>schema</strong></span> <span class='ocrx_word' id='word_1_264' title='bbox 1152 3527 1331 3588; x_wconf 87' lang='lat' dir='ltr'><strong>tentatoris</strong></span> <span class='ocrx_word' id='word_1_265' title='bbox 1350 3526 1561 3588; x_wconf 87' lang='lat' dir='ltr'><strong>commando:</strong></span> 
     </span>
    </p>
   </div>
   <div class='ocr_carea' id='block_1_3' title="bbox 411 3619 1431 3718">
    <p class='ocr_par' dir='ltr' id='par_1_12' title="bbox 411 3619 1431 3718">
     <span class='ocr_line' id='line_1_31' title="bbox 411 3619 1431 3718; baseline -0.002 -30"><span class='ocrx_word' id='word_1_266' title='bbox 411 3626 496 3706; x_wconf 79' lang='grc' dir='ltr'><strong><em>τηνάλ</em></strong></span> <span class='ocrx_word' id='word_1_267' title='bbox 519 3629 676 3708; x_wconf 77' lang='grc' dir='ltr'><strong><em>πιθάκνην</em></strong></span> <span class='ocrx_word' id='word_1_268' title='bbox 702 3623 902 3712; x_wconf 33' lang='grc' dir='ltr'><strong><em>(φιάάκνηνζλ)</em></strong></span> <span class='ocrx_word' id='word_1_269' title='bbox 924 3619 1053 3718; x_wconf 58' lang='grc' dir='ltr'><em>-υέ-υ·</em></span> <span class='ocrx_word' id='word_1_270' title='bbox 1077 3627 1225 3706; x_wconf 80' lang='grc' dir='ltr'><strong><em>θαυμάζω</em></strong></span> <span class='ocrx_word' id='word_1_271' title='bbox 1253 3625 1344 3707; x_wconf 79' lang='lat' dir='ltr'><strong>&lt;yi&gt;</strong></span> <span class='ocrx_word' id='word_1_272' title='bbox 1370 3649 1431 3704; x_wconf 89' lang='grc' dir='ltr'><strong><em>τοι,</em></strong></span> 
     </span>
    </p>
   </div>
   <div class='ocr_carea' id='block_1_4' title="bbox 232 3735 1565 5146">
    <p class='ocr_par' dir='ltr' id='par_1_13' title="bbox 411 3735 1253 3830">
     <span class='ocr_line' id='line_1_32' title="bbox 411 3735 1253 3830; baseline -0.001 -29"><span class='ocrx_word' id='word_1_273' title='bbox 411 3737 506 3820; x_wconf 83' lang='grc' dir='ltr'><strong><em>πότερ’</em></strong></span> <span class='ocrx_word' id='word_1_274' title='bbox 534 3738 712 3821; x_wconf 84' lang='grc' dir='ltr'><strong><em>ὀστρακίντγν</em></strong></span> <span class='ocrx_word' id='word_1_275' title='bbox 735 3735 790 3830; x_wconf 60' lang='lat'><strong>”³3²2</strong></span> <span class='ocrx_word' id='word_1_276' title='bbox 809 3775 843 3785; x_wconf 94' lang='grc'>-</span> <span class='ocrx_word' id='word_1_277' title='bbox 856 3774 883 3802; x_wconf 68' lang='grc' dir='ltr'><strong>υ</strong></span> <span class='ocrx_word' id='word_1_278' title='bbox 906 3737 925 3819; x_wconf 75' lang='grc' dir='ltr'><em>ἢ</em></span> <span class='ocrx_word' id='word_1_279' title='bbox 948 3740 979 3801; x_wconf 80' lang='grc' dir='ltr'><strong><em>τί</em></strong></span> <span class='ocrx_word' id='word_1_280' title='bbox 1000 3739 1110 3812; x_wconf 75' lang='grc' dir='ltr'><strong><em>(τίναλ)</em></strong></span> <span class='ocrx_word' id='word_1_281' title='bbox 1134 3739 1253 3818; x_wconf 79' lang='grc' dir='ltr'><strong><em>δήποτε.</em></strong></span> 
     </span>
    </p>

    <p class='ocr_par' dir='ltr' id='par_1_14' title="bbox 232 3854 874 3934">
     <span class='ocr_line' id='line_1_33' title="bbox 232 3854 874 3934; baseline 0 -18"><span class='ocrx_word' id='word_1_282' title='bbox 232 3857 286 3916; x_wconf 79' lang='lat' dir='ltr'><strong>Fr.</strong></span> <span class='ocrx_word' id='word_1_283' title='bbox 314 3857 386 3917; x_wconf 91' lang='grc'><strong>120.</strong></span> <span class='ocrx_word' id='word_1_284' title='bbox 410 3877 470 3933; x_wconf 90' lang='grc' dir='ltr'><strong>μον</strong></span> <span class='ocrx_word' id='word_1_285' title='bbox 493 3872 552 3932; x_wconf 95' lang='lat' dir='ltr'><strong>pro</strong></span> <span class='ocrx_word' id='word_1_286' title='bbox 576 3854 614 3934; x_wconf 75' lang='grc' dir='ltr'><strong>δὴ</strong></span> <span class='ocrx_word' id='word_1_287' title='bbox 638 3855 803 3918; x_wconf 89' lang='lat' dir='ltr'><strong>inutiliter</strong></span> <span class='ocrx_word' id='word_1_288' title='bbox 825 3854 874 3916; x_wconf 89' lang='lat' dir='ltr'><strong>Bi.</strong></span> 
     </span>
    </p>

    <p class='ocr_par' dir='ltr' id='par_1_15' title="bbox 232 3951 1563 4138">
     <span class='ocr_line' id='line_1_34' title="bbox 232 3951 1563 4034; baseline -0.002 -17"><span class='ocrx_word' id='word_1_289' title='bbox 232 3957 287 4018; x_wconf 77' lang='lat' dir='ltr'><strong>Fr.</strong></span> <span class='ocrx_word' id='word_1_290' title='bbox 314 3957 386 4034; x_wconf 82' lang='lat'><strong>124,</strong></span> <span class='ocrx_word' id='word_1_291' title='bbox 411 3959 441 4019; x_wconf 82' lang='lat'><strong>2.</strong></span> <span class='ocrx_word' id='word_1_292' title='bbox 474 3957 679 4019; x_wconf 91' lang='lat' dir='ltr'><strong>Probabilius</strong></span> <span class='ocrx_word' id='word_1_293' title='bbox 709 3957 817 4017; x_wconf 86' lang='lat' dir='ltr'><strong>Nabar</strong></span> <span class='ocrx_word' id='word_1_294' title='bbox 847 3953 1040 4034; x_wconf 78' lang='grc' dir='ltr'><strong><em>ίπηνοβότον</em></strong></span> <span class='ocrx_word' id='word_1_295' title='bbox 1070 3970 1169 4029; x_wconf 88' lang='lat' dir='ltr'><strong>quam</strong></span> <span class='ocrx_word' id='word_1_296' title='bbox 1194 3954 1243 4016; x_wconf 91' lang='lat' dir='ltr'><strong>Bl.</strong></span> <span class='ocrx_word' id='word_1_297' title='bbox 1271 3951 1488 4032; x_wconf 79' lang='grc' dir='ltr'><strong><em>ὑκηνστρόφσν</em></strong></span> <span class='ocrx_word' id='word_1_298' title='bbox 1510 3955 1563 4016; x_wconf 83' lang='lat' dir='ltr'><strong>vol</strong></span> 
     </span>
     <span class='ocr_line' id='line_1_35' title="bbox 278 4056 1179 4138; baseline 0 -20"><span class='ocrx_word' id='word_1_299' title='bbox 278 4056 487 4138; x_wconf 79' lang='grc' dir='ltr'><strong><em>ίπννοφὸρον.</em></strong></span> <span class='ocrx_word' id='word_1_300' title='bbox 510 4058 690 4135; x_wconf 81' lang='lat' dir='ltr'><strong>vulgatam</strong></span> <span class='ocrx_word' id='word_1_301' title='bbox 714 4059 772 4118; x_wconf 83' lang='lat' dir='ltr'><strong>vir</strong></span> <span class='ocrx_word' id='word_1_302' title='bbox 795 4060 884 4119; x_wconf 92' lang='lat' dir='ltr'><strong>recte</strong></span> <span class='ocrx_word' id='word_1_303' title='bbox 908 4057 1055 4118; x_wconf 80' lang='lat' dir='ltr'><strong>defendit</strong></span> <span class='ocrx_word' id='word_1_304' title='bbox 1078 4057 1179 4118; x_wconf 83' lang='lat' dir='ltr'><strong>Koch.</strong></span> 
     </span>
    </p>

    <p class='ocr_par' dir='ltr' id='par_1_16' title="bbox 232 4157 1565 5146">
     <span class='ocr_line' id='line_1_36' title="bbox 232 4157 1564 4246; baseline -0.001 -26"><span class='ocrx_word' id='word_1_305' title='bbox 232 4161 287 4220; x_wconf 80' lang='lat' dir='ltr'><strong>Fr.</strong></span> <span class='ocrx_word' id='word_1_306' title='bbox 314 4160 386 4221; x_wconf 87' lang='grc'><strong>128.</strong></span> <span class='ocrx_word' id='word_1_307' title='bbox 413 4163 461 4243; x_wconf 80' lang='grc' dir='ltr'><strong>Τῷ</strong></span> <span class='ocrx_word' id='word_1_308' title='bbox 484 4159 621 4246; x_wconf 77' lang='grc' dir='ltr'><strong><em>δακτύλῳ</em></strong></span> <span class='ocrx_word' id='word_1_309' title='bbox 645 4175 778 4221; x_wconf 91' lang='lat' dir='ltr'><strong>mecum</strong></span> <span class='ocrx_word' id='word_1_310' title='bbox 801 4161 835 4219; x_wconf 92' lang='lat' dir='ltr'><strong>et</strong></span> <span class='ocrx_word' id='word_1_311' title='bbox 858 4173 934 4220; x_wconf 91' lang='lat' dir='ltr'><strong>cum</strong></span> <span class='ocrx_word' id='word_1_312' title='bbox 958 4157 1080 4220; x_wconf 85' lang='lat' dir='ltr'><strong>cobeto</strong></span> <span class='ocrx_word' id='word_1_313' title='bbox 1105 4158 1196 4219; x_wconf 90' lang='lat' dir='ltr'><strong>addit</strong></span> <span class='ocrx_word' id='word_1_314' title='bbox 1219 4157 1283 4234; x_wconf 89' lang='lat' dir='ltr'><strong>Bl,</strong></span> <span class='ocrx_word' id='word_1_315' title='bbox 1308 4173 1424 4233; x_wconf 86' lang='lat' dir='ltr'><strong>pamm</strong></span> <span class='ocrx_word' id='word_1_316' title='bbox 1449 4162 1564 4220; x_wconf 89' lang='lat' dir='ltr'><strong>tamen</strong></span> 
     </span>
     <span class='ocr_line' id='line_1_37' title="bbox 280 4254 1564 4342; baseline -0.002 -21"><span class='ocrx_word' id='word_1_317' title='bbox 280 4265 368 4324; x_wconf 91' lang='lat' dir='ltr'><strong>recta</strong></span> <span class='ocrx_word' id='word_1_318' title='bbox 386 4276 571 4338; x_wconf 90' lang='lat' dir='ltr'><strong>proponens</strong></span> <span class='ocrx_word' id='word_1_319' title='bbox 589 4265 648 4323; x_wconf 90' lang='lat' dir='ltr'><strong>aut</strong></span> <span class='ocrx_word' id='word_1_320' title='bbox 669 4259 832 4339; x_wconf 82' lang='grc' dir='ltr'><strong><em>Μορσίμου</em></strong></span> <span class='ocrx_word' id='word_1_321' title='bbox 854 4254 858 4332; x_wconf 91' lang='grc' dir='ltr'>Ι</span> <span class='ocrx_word' id='word_1_322' title='bbox 879 4269 918 4342; x_wconf 72' lang='grc' dir='ltr'><strong><em>τῷ</em></strong></span> <span class='ocrx_word' id='word_1_323' title='bbox 940 4259 1073 4340; x_wconf 75' lang='grc' dir='ltr'><strong><em>δακτύλῳ</em></strong></span> <span class='ocrx_word' id='word_1_324' title='bbox 1093 4261 1151 4320; x_wconf 89' lang='lat' dir='ltr'><strong>aut</strong></span> <span class='ocrx_word' id='word_1_325' title='bbox 1171 4274 1246 4320; x_wconf 90' lang='lat' dir='ltr'><strong>cum</strong></span> <span class='ocrx_word' id='word_1_326' title='bbox 1266 4257 1432 4321; x_wconf 88' lang='lat' dir='ltr'><strong>Dindorho</strong></span> <span class='ocrx_word' id='word_1_327' title='bbox 1457 4260 1564 4321; x_wconf 88' lang='lat' dir='ltr'><strong>dubiis</strong></span> 
     </span>
     <span class='ocr_line' id='line_1_38' title="bbox 281 4355 1562 4446; baseline -0.001 -25"><span class='ocrx_word' id='word_1_328' title='bbox 281 4363 427 4423; x_wconf 86' lang='lat' dir='ltr'><strong>numeris</strong></span> <span class='ocrx_word' id='word_1_329' title='bbox 461 4361 540 4438; x_wconf 79' lang='grc' dir='ltr'><strong><em>ἅψαι</em></strong></span> <span class='ocrx_word' id='word_1_330' title='bbox 568 4360 664 4440; x_wconf 86' lang='grc' dir='ltr'><strong><em>μόνον</em></strong></span> <span class='ocrx_word' id='word_1_331' title='bbox 694 4357 776 4446; x_wconf 75' lang='grc' dir='ltr'><strong><em>ἄκρῳ</em></strong></span> <span class='ocrx_word' id='word_1_332' title='bbox 800 4360 826 4421; x_wconf 83' lang='lat' dir='ltr'><strong>d.</strong></span> <span class='ocrx_word' id='word_1_333' title='bbox 850 4383 873 4420; x_wconf 94' lang='grc' dir='ltr'><strong>τ.</strong></span> <span class='ocrx_word' id='word_1_334' title='bbox 899 4359 1072 4439; x_wconf 81' lang='grc' dir='ltr'><strong><em>Μορσίμου.</em></strong></span> <span class='ocrx_word' id='word_1_335' title='bbox 1105 4360 1215 4420; x_wconf 79' lang='lat' dir='ltr'><strong>Teneo</strong></span> <span class='ocrx_word' id='word_1_336' title='bbox 1245 4361 1330 4434; x_wconf 87' lang='lat' dir='ltr'><strong>quod</strong></span> <span class='ocrx_word' id='word_1_337' title='bbox 1354 4355 1435 4423; x_wconf 89' lang='lat' dir='ltr'><strong>olim</strong></span> <span class='ocrx_word' id='word_1_338' title='bbox 1460 4361 1562 4421; x_wconf 90' lang='lat' dir='ltr'><strong>suasi.</strong></span> 
     </span>
     <span class='ocr_line' id='line_1_39' title="bbox 280 4458 1565 4538; baseline -0.003 -15"><span class='ocrx_word' id='word_1_339' title='bbox 280 4463 389 4538; x_wconf 86' lang='lat' dir='ltr'><strong>Neque</strong></span> <span class='ocrx_word' id='word_1_340' title='bbox 420 4464 528 4526; x_wconf 89' lang='lat' dir='ltr'><strong>eidem</strong></span> <span class='ocrx_word' id='word_1_341' title='bbox 560 4464 725 4526; x_wconf 87' lang='lat' dir='ltr'><strong>assentior</strong></span> <span class='ocrx_word' id='word_1_342' title='bbox 755 4462 955 4537; x_wconf 90' lang='lat' dir='ltr'><strong>improbanti</strong></span> <span class='ocrx_word' id='word_1_343' title='bbox 981 4461 1099 4524; x_wconf 86' lang='lat' dir='ltr'><strong>Kockii</strong></span> <span class='ocrx_word' id='word_1_344' title='bbox 1129 4461 1422 4536; x_wconf 85' lang='lat' dir='ltr'><strong>transpositionem</strong></span> <span class='ocrx_word' id='word_1_345' title='bbox 1457 4458 1565 4520; x_wconf 82' lang='grc' dir='ltr'><strong><em>αὐτίκα</em></strong></span> 
     </span>
     <span class='ocr_line' id='line_1_40' title="bbox 281 4559 1564 4642; baseline -0.001 -18"><span class='ocrx_word' id='word_1_346' title='bbox 281 4564 372 4642; x_wconf 77' lang='grc' dir='ltr'><strong><em>μάλα,</em></strong></span> <span class='ocrx_word' id='word_1_347' title='bbox 400 4565 478 4627; x_wconf 89' lang='lat' dir='ltr'><strong>licet</strong></span> <span class='ocrx_word' id='word_1_348' title='bbox 506 4566 595 4627; x_wconf 87' lang='lat' dir='ltr'><strong>enim</strong></span> <span class='ocrx_word' id='word_1_349' title='bbox 618 4559 816 4641; x_wconf 76' lang='grc' dir='ltr'><strong><em>μάλ’·ατλτίκα</em></strong></span> <span class='ocrx_word' id='word_1_350' title='bbox 839 4564 960 4625; x_wconf 90' lang='lat' dir='ltr'><strong>alicubi</strong></span> <span class='ocrx_word' id='word_1_351' title='bbox 983 4566 1120 4640; x_wconf 82' lang='lat' dir='ltr'><strong>cogente</strong></span> <span class='ocrx_word' id='word_1_352' title='bbox 1144 4565 1252 4624; x_wconf 89' lang='lat' dir='ltr'><strong>metro</strong></span> <span class='ocrx_word' id='word_1_353' title='bbox 1276 4563 1341 4636; x_wconf 90' lang='lat' dir='ltr'><strong>lagi</strong></span> <span class='ocrx_word' id='word_1_354' title='bbox 1365 4562 1452 4623; x_wconf 89' lang='lat' dir='ltr'><strong>haud</strong></span> <span class='ocrx_word' id='word_1_355' title='bbox 1475 4563 1564 4638; x_wconf 88' lang='lat' dir='ltr'><strong>igno·</strong></span> 
     </span>
     <span class='ocr_line' id='line_1_41' title="bbox 280 4663 1563 4742; baseline -0.002 -17"><span class='ocrx_word' id='word_1_356' title='bbox 280 4681 364 4742; x_wconf 88' lang='lat' dir='ltr'><strong>rem,</strong></span> <span class='ocrx_word' id='word_1_357' title='bbox 396 4667 478 4728; x_wconf 92' lang='lat' dir='ltr'><strong>adeo</strong></span> <span class='ocrx_word' id='word_1_358' title='bbox 509 4666 658 4730; x_wconf 85' lang='lat' dir='ltr'><strong>insolens</strong></span> <span class='ocrx_word' id='word_1_359' title='bbox 688 4669 741 4727; x_wconf 90' lang='lat' dir='ltr'><strong>ast</strong></span> <span class='ocrx_word' id='word_1_360' title='bbox 770 4681 827 4741; x_wconf 91' lang='lat' dir='ltr'><strong>par</strong></span> <span class='ocrx_word' id='word_1_361' title='bbox 858 4667 966 4726; x_wconf 89' lang='lat' dir='ltr'><strong>totam</strong></span> <span class='ocrx_word' id='word_1_362' title='bbox 993 4665 1097 4726; x_wconf 86' lang='lat' dir='ltr'><strong>etiam</strong></span> <span class='ocrx_word' id='word_1_363' title='bbox 1121 4663 1308 4739; x_wconf 85' lang='lat' dir='ltr'><strong>sequiorem</strong></span> <span class='ocrx_word' id='word_1_364' title='bbox 1332 4663 1563 4740; x_wconf 82' lang='lat' dir='ltr'><strong>graecitatem,</strong></span> 
     </span>
     <span class='ocr_line' id='line_1_42' title="bbox 280 4764 1565 4843; baseline -0.002 -15"><span class='ocrx_word' id='word_1_365' title='bbox 280 4769 318 4828; x_wconf 92' lang='lat' dir='ltr'><strong>ut</strong></span> <span class='ocrx_word' id='word_1_366' title='bbox 341 4767 472 4828; x_wconf 89' lang='lat' dir='ltr'><strong>credere</strong></span> <span class='ocrx_word' id='word_1_367' title='bbox 495 4783 659 4843; x_wconf 87' lang='lat' dir='ltr'><strong>nequeam</strong></span> <span class='ocrx_word' id='word_1_368' title='bbox 689 4770 822 4842; x_wconf 91' lang='lat' dir='ltr'><strong>poetam</strong></span> <span class='ocrx_word' id='word_1_369' title='bbox 851 4765 1122 4841; x_wconf 88' lang='lat' dir='ltr'><strong>permittentibus</strong></span> <span class='ocrx_word' id='word_1_370' title='bbox 1145 4766 1295 4826; x_wconf 85' lang='lat' dir='ltr'><strong>numeris</strong></span> <span class='ocrx_word' id='word_1_371' title='bbox 1319 4779 1384 4826; x_wconf 89' lang='lat' dir='ltr'><strong>non</strong></span> <span class='ocrx_word' id='word_1_372' title='bbox 1404 4764 1565 4840; x_wconf 88' lang='lat' dir='ltr'><strong>praelatu·</strong></span> 
     </span>
     <span class='ocr_line' id='line_1_43' title="bbox 281 4865 1565 4946; baseline -0.002 -18"><span class='ocrx_word' id='word_1_373' title='bbox 281 4883 354 4930; x_wconf 91' lang='lat' dir='ltr'><strong>rum</strong></span> <span class='ocrx_word' id='word_1_374' title='bbox 384 4868 487 4930; x_wconf 86' lang='lat' dir='ltr'><strong>luisse</strong></span> <span class='ocrx_word' id='word_1_375' title='bbox 516 4867 624 4930; x_wconf 79' lang='grc' dir='ltr'><strong><em>αὐτίκα</em></strong></span> <span class='ocrx_word' id='word_1_376' title='bbox 654 4867 748 4946; x_wconf 81' lang='grc' dir='ltr'><strong><em>μάλα,</em></strong></span> <span class='ocrx_word' id='word_1_377' title='bbox 777 4883 861 4943; x_wconf 91' lang='lat' dir='ltr'><strong>quae</strong></span> <span class='ocrx_word' id='word_1_378' title='bbox 892 4866 1036 4928; x_wconf 84' lang='lat' dir='ltr'><strong>formula</strong></span> <span class='ocrx_word' id='word_1_379' title='bbox 1058 4867 1161 4928; x_wconf 89' lang='lat' dir='ltr'><strong>etiam</strong></span> <span class='ocrx_word' id='word_1_380' title='bbox 1185 4867 1219 4926; x_wconf 89' lang='lat' dir='ltr'><strong>in</strong></span> <span class='ocrx_word' id='word_1_381' title='bbox 1242 4865 1349 4927; x_wconf 90' lang='lat' dir='ltr'><strong>titulis</strong></span> <span class='ocrx_word' id='word_1_382' title='bbox 1373 4868 1565 4928; x_wconf 85' lang='lat' dir='ltr'><strong>constanter</strong></span> 
     </span>
     <span class='ocr_line' id='line_1_44' title="bbox 280 4966 1564 5046; baseline -0.004 -15"><span class='ocrx_word' id='word_1_383' title='bbox 280 4972 450 5044; x_wconf 86' lang='lat' dir='ltr'><strong>reperitur.</strong></span> <span class='ocrx_word' id='word_1_384' title='bbox 478 5004 517 5014; x_wconf 92' lang='lat'><em>-</em></span> <span class='ocrx_word' id='word_1_385' title='bbox 542 4971 599 5032; x_wconf 89' lang='lat' dir='ltr'><strong>Vs.</strong></span> <span class='ocrx_word' id='word_1_386' title='bbox 625 4971 654 5032; x_wconf 90' lang='grc'><strong>2.</strong></span> <span class='ocrx_word' id='word_1_387' title='bbox 688 4971 764 5032; x_wconf 83' lang='lat' dir='ltr'><strong>Sine</strong></span> <span class='ocrx_word' id='word_1_388' title='bbox 796 4984 896 5030; x_wconf 91' lang='lat' dir='ltr'><strong>causa</strong></span> <span class='ocrx_word' id='word_1_389' title='bbox 919 4966 1119 5046; x_wconf 76' lang='grc' dir='ltr'><strong><em>σσύκιτατήσνν</em></strong></span> <span class='ocrx_word' id='word_1_390' title='bbox 1142 4968 1205 5045; x_wconf 79' lang='lat' dir='ltr'><strong>Bt,</strong></span> <span class='ocrx_word' id='word_1_391' title='bbox 1232 4970 1318 5043; x_wconf 91' lang='lat' dir='ltr'><strong>quod</strong></span> <span class='ocrx_word' id='word_1_392' title='bbox 1342 4966 1480 5028; x_wconf 90' lang='lat' dir='ltr'><strong>verbum</strong></span> <span class='ocrx_word' id='word_1_393' title='bbox 1503 4966 1564 5027; x_wconf 92' lang='lat' dir='ltr'><strong>hoc</strong></span> 
     </span>
     <span class='ocr_line' id='line_1_45' title="bbox 282 5071 875 5146; baseline 0.002 -15"><span class='ocrx_word' id='word_1_394' title='bbox 282 5085 381 5132; x_wconf 86' lang='lat' dir='ltr'><strong>sensu</strong></span> <span class='ocrx_word' id='word_1_395' title='bbox 405 5087 446 5133; x_wconf 91' lang='lat' dir='ltr'><strong>ne</strong></span> <span class='ocrx_word' id='word_1_396' title='bbox 469 5072 632 5134; x_wconf 81' lang='lat' dir='ltr'><strong>Graecum</strong></span> <span class='ocrx_word' id='word_1_397' title='bbox 656 5071 789 5146; x_wconf 91' lang='lat' dir='ltr'><strong>quidam</strong></span> <span class='ocrx_word' id='word_1_398' title='bbox 813 5073 875 5132; x_wconf 91' lang='lat' dir='ltr'><strong>ast.</strong></span> 
     </span>
    </p>
   </div>
   <div class='ocr_carea' id='block_1_5' title="bbox 0 0 1901 5796">
    <p class='ocr_par' dir='ltr' id='par_1_17' title="bbox 0 0 1901 5796">
     <span class='ocr_line' id='line_1_46' title="bbox 0 0 1901 5796; baseline 0 0"><span class='ocrx_word' id='word_1_399' title='bbox 0 0 1901 5796; x_wconf 95' lang='lat' dir='ltr'><strong> </strong></span> 
     </span>
    </p>
   </div>
  </div>
 </body>
</html>
