3778 5796
879 501 921 563 29

280 691 362 754 italo
392 692 479 753 idem
509 691 548 752 de
571 683 657 750 εἶπον
681 689 853 765 cogitavit,
879 687 988 764 qualis
1011 687 1243 762 imperativus,
1269 685 1414 760 antiquis
1438 679 1560 747 Atticis

279 793 427 868 ignotus,
452 791 692 856 recentioribus
715 794 767 852 est
790 790 1036 864 relinquendus.

236 895 289 956 Fr.
313 896 388 957 272.
418 892 572 974 λγκιινάξει
602 893 738 968 requirit
769 893 817 954 Bl.
848 892 921 954 coll.
954 893 1009 953 Ar.
1034 891 1089 966 Eq.
1118 893 1190 966 105,
1215 890 1289 952 Fur.
1314 889 1403 965 cycl.
1429 889 1506 964 1523
1531 891 1560 950 si

280 998 380 1073 recte,
413 998 500 1059 hunc
521 997 631 1058 locum
653 995 742 1056 male
763 995 844 1070 legit
868 995 985 1056 Pollux
1009 994 1123 1055 aiusve
1149 995 1263 1054 auctor
1290 995 1324 1054 et
1349 992 1436 1053 male
1463 991 1559 1052 inter·

281 1102 429 1174 pretatus
451 1101 514 1160 est.
538 1097 585 1159 Oi.
609 1097 712 1159 schol.
738 1098 793 1172 Eo.
823 1098 897 1158 105.

235 1201 288 1262 Fr.
312 1202 386 1263 276.
420 1201 533 1276 „Ipsos
562 1202 766 1276 spectatores
797 1198 849 1270 (ci.
873 1198 912 1258 tr.
940 1198 1015 1267 286)
1044 1197 1221 1270 alloquitur
1245 1195 1378 1271 Eupolis
1401 1197 1559 1272 singulos·

279 1319 342 1376 que
374 1303 521 1363 oratione
551 1303 718 1362 concitata
747 1314 942 1361 enumerare
974 1301 1109 1360 conatur
1133 1298 1279 1359 ridiculis
1303 1299 1434 1360 indiciis
1457 1300 1562 1376 lepide

281 1403 464 1480 descriptis:
494 1403 620 1464 Similis
648 1403 740 1464 locus
765 1403 863 1478 vesp.
891 1404 1032 1464 75—85.
1058 1400 1104 1462 Gi.
1128 1401 1229 1462 etiam
1255 1401 1433 1476 Phryniohi
1454 1402 1493 1462 ir.
1519 1403 1561 1463 20

281 1506 352 1579 sq.”
387 1505 422 1566 0.
455 1503 606 1581 Ornatus,
638 1506 693 1580 qui
723 1502 775 1564 τὸν
806 1502 962 1582 φαλακρὸν
996 1519 1045 1566 vs.
1077 1506 1097 1564 5
1129 1503 1385 1578 Aristophanem
1413 1504 1562 1580 spectare

280 1611 385 1683 putat.
410 1640 451 1650 -
476 1607 531 1668 Vs.
556 1608 576 1667 2
600 1610 740 1682 temero,
767 1606 874 1667 deleto
898 1603 991 1678 ἐστιν,
1013 1605 1061 1667 Bl.
1086 1604 1186 1666 infert
1209 1595 1297 1676 οὗτος
1320 1606 1398 1666 anta
1419 1601 1561 1684 τέταρτος.

236 1709 288 1770 Fr.
314 1709 388 1770 278.
413 1705 556 1785 άντοκερεῐ
576 1722 634 1783 pro
658 1711 815 1783 κατακερεῐ
835 1706 952 1768 malim
976 1721 1050 1768 cum
1075 1705 1124 1768 Bt.

236 1811 288 1871 Fr.
314 1811 387 1871 283.
411 1809 460 1870 Bl.
486 1809 540 1871 cft.
565 1810 715 1871 Pherecr.
740 1808 772 1869 ΙΙ
796 1810 861 1870 300
883 1811 918 1870 ot
941 1809 1018 1870 Hes.
1039 1823 1066 1868 s.
1084 1824 1111 1869 ν.
1132 1805 1323 1885 κατάχοτλον·
1347 1807 1562 1883 βαλοοεοτιιιὸι
1649 1803 1652 1808 '

282 1909 421 1985 σκάφιον.

236 2013 388 2074 1013284.
424 2014 509 2086 Apte
545 2010 633 2072 idem
669 2010 724 2071 eft.
761 2012 817 2072 Ar.
847 2011 923 2072 Pac.
957 2012 1021 2071 790
1057 2009 1223 2087 σφυράδων
1255 2007 1476 2088 ἀποκνίσματα,
1506 2013 1562 2073 uni

281 2128 441 2190 personae
476 2115 585 2173 totum
622 2127 755 2173 versum
790 2113 977 2188 assignans.
1013 2113 1089 2174 Nec.
1112 2128 1194 2174 sane
1225 2113 1319 2174 video
1350 2129 1407 2175 cur
1437 2115 1562 2176 duabus

282 2231 363 2292 opus
387 2216 442 2276 sit.

236 2317 288 2377 Fr.
314 2317 388 2377 290.
420 2313 482 2376 Gli.
516 2315 564 2375 Bl.
589 2315 645 2389 Eq.
671 2317 712 2376 75
745 2311 841 2398 ἐφορᾷ
873 2313 930 2394 γάρ
962 2314 1051 2387 αὐτὸς
1074 2309 1157 2375 πάντ’
1193 2316 1340 2391 (Cleon.);
1362 2317 1476 2378 Nauck
1500 2318 1560 2380 Me·

281 2418 378 2478 nand.
403 2417 499 2478 Rhea.
524 2418 555 2493 9,
580 2433 610 2494 p.
637 2418 711 2493 239,
737 2419 757 2476 4
781 2413 926 2492 άθεάμων
949 2415 1092 2495 ὑπάρχων
1107 2417 1272 2490 -ττόλεοις
1296 2414 1335 2496 ἣν
1358 2419 1456 2497 μόνην
1480 2424 1562 2480 κοιλ-

281 2519 416 2594 λίστιρν
441 2517 558 2577 πόλεων
582 2517 839 2593 (μίαν-ποσῶν
864 2520 946 2579 coni.
970 2519 1063 2590 Noli.)
1088 2515 1104 2579 ὁ
1127 2518 1211 2596 ἥλιος
1236 2516 1367 2603 ἐφορᾷ.

239 2620 291 2682 Fr.
317 2621 392 2680 293.
415 2618 516 2696 μάλα
537 2613 618 2698 λάβρ
646 2619 787 2680 fortasse
811 2623 901 2681 recte
924 2620 972 2682 Bl.

238 2723 289 2782 Fr.
314 2722 389 2782 294.
416 2720 526 2796 „Idem
550 2720 710 2781 barbarus
735 2722 865 2783 videtur
887 2722 976 2796 loqui
1000 2738 1039 2784 ac
1062 2723 1094 2783 in
1118 2723 1157 2782 ir.
1183 2723 1281 2783 294”.
1306 2723 1354 2783 Bl.

239 2823 290 2884 Fr.
316 2824 391 2899 304,
419 2827 447 2883 l.
479 2821 696 2899 περιήλθομεν,
728 2823 834 2884 deleto
865 2823 919 2900 εἰς,
945 2824 993 2885 Bl.
1026 2825 1089 2885 Sed
1113 2825 1230 2885 eodem
1254 2825 1324 2886 iura
1347 2826 1400 2886 hic
1422 2824 1463 2897 εἰς
1488 2828 1562 2889 addi

282 2926 390 3000 potuit
420 2939 459 2985 ac
486 2939 566 2985 mox
591 2925 632 2994 (2)
661 2923 750 2984 εὐθύ.
781 2925 1049 3001 Breviloqueutia
1073 2927 1204 2987 videtur
1226 2942 1284 3002 pro
1308 2933 1475 3006 περιῆλθον
1498 2929 1563 3007 ἰών,

283 3027 347 3087 nisi
380 3026 465 3087 forte
499 3027 561 3087 hoc
596 3025 806 3101 participium
837 3026 901 3087 fuit
932 3027 964 3087 in
997 3043 1094 3088 versu
1125 3043 1329 3104 praegresso.
1361 3029 1467 3092 Causa
1490 3047 1561 3093 con·

280 3129 425 3190 lecturas
457 3128 565 3203 Anglo
595 3128 698 3188 tuisse
730 3127 858 3188 videtur
889 3129 1016 3189 incerta
1046 3129 1171 3204 opinio,
1201 3130 1312 3190 simile
1334 3130 1374 3192 ir.
1401 3133 1462 3193 187
1486 3134 1563 3196 huic

281 3230 365 3306 loco,
390 3232 428 3289 ut
452 3245 498 3289 vs.
523 3231 544 3288 4
568 3227 703 3306 efficiat,
729 3229 916 3290 addendum
935 3245 1023 3306 osse,
1045 3231 1096 3290 cui
1115 3233 1299 3292 sententiae
1318 3247 1435 3307 parum
1451 3234 1562 3297 lavere

283 3332 364 3392 milri
390 3331 519 3393 ridetur
542 3331 680 3391 verbum
703 3331 907 3408 περιήλθομεν
930 3333 1016 3393 satis
1039 3333 1145 3393 otiose
1168 3334 1355 3407 repetitum.

237 3432 289 3493 Fr.
321 3434 397 3506 305,
430 3432 460 3491 2.
496 3432 661 3506 Blaydesii
696 3433 965 3508 supplementum
1000 3428 1168 3511 ἁλεκτρυὼν
1207 3438 1320 3509 aperte
1351 3439 1442 3498 vetat
1472 3455 1560 3514 prae·

283 3547 398 3609 grassa
431 3547 497 3593 sec.
528 3548 612 3607 pera.
645 3532 771 3610 οἰμώξει,
803 3533 919 3594 Melius
949 3533 1037 3594 idem
1069 3535 1191 3610 partim
1224 3551 1299 3596 cunr
1327 3538 1487 3601 Meinokio
1518 3540 1563 3602 ὅτι

284 3631 435 3710 trocleam
465 3627 629 3710 ὦμόυττνον
660 3628 695 3693 ἔτ’
729 3631 801 3695 ὄντα
830 3655 873 3712 με.
902 3635 976 3710 Ipse
999 3636 1162 3710 quondam
1187 3640 1278 3699 suasi
1302 3635 1366 3717 ὁτιή
1389 3635 1416 3716 μ’
1442 3639 1562 3722 dolorm

283 3731 447 3810 ὠμόοπνον
470 3730 572 3819 ὄρθρῳ
596 3735 694 3812 βαθεῖ.
720 3737 782 3797 Sed
807 3737 934 3797 incerta
956 3741 1036 3798 sunt
1058 3739 1179 3800 omnia.

238 3837 290 3896 Fr.
313 3837 387 3898 307.
411 3834 528 3897 <uitro
547 3857 580 3914 γε
602 3845 736 3896 ποσῶν
756 3835 850 3899 olis>
865 3841 897 3896 θ.
911 3838 958 3898 Bl.
973 3839 1209 3915 supplemento
1222 3849 1326 3900 ποσῶν
1338 3842 1429 3905 iavet
1441 3845 1563 3908 allatus

284 3953 304 3998 a
334 3935 493 3999 Mainekio
521 3937 613 3998 locus
645 3937 842 4010 [Demosth.]
872 3939 974 4014 Epist.
999 3943 1030 4015 4,
1058 3942 1116 4015 19;
1148 3957 1206 4018 pro
1235 3941 1297 4002 οἵδε
1320 3944 1436 4006 malim
1459 3947 1563 4038 τήνδε,

284 4039 357 4100 coll.
381 4039 501 4100 Aescu.
526 4039 622 4099 Eum.
647 4040 723 4100 831.

239 4141 292 4201 Fr.
318 4141 393 4201 309.
417 4139 529 4200 Nauck
554 4140 628 4201 Mal.
652 4139 696 4200 VI
719 4157 749 4215 p.
775 4142 840 4201 419

528 4238 688 4318 συνέτυχεν
712 4239 819 4313 ἐξιόντι
843 4263 893 4317 μοι
922 4251 1003 4317 <τῆς
1026 4241 1151 4316 ciulac>
1179 4243 1236 4306 ντὲ.

283 4341 355 4403 coll.
378 4343 501 4404 Ioanne
524 4341 639 4416 chrys.
664 4342 711 4402 XI
733 4359 764 4417 p.
790 4344 831 4403 94
856 4343 881 4402 F
905 4343 1017 4404 Monti.
1051 4349 1085 4406 et
1108 4347 1147 4407 de
1172 4347 1280 4410 verbis
1302 4347 1466 4430 ἅνθρωπος
1489 4353 1562 4417 ino-

283 4440 362 4520 φρὰς
385 4443 543 4504 Suetonio
567 4457 618 4518 ap.
642 4443 818 4505 Millerum.
1312 4503 1317 4514 ,

240 4545 293 4605 Fr.
318 4545 393 4608 310.
952 4544 1003 4606 nal
1026 4543 1147 4626 λέγουσί
1168 4569 1201 4628 γε

516 4642 552 4705 τά
571 4645 708 4724 μειράκια
732 4646 1008 4726 προιστάμενον
1031 4654 1092 4721 τοῖς
1115 4647 1269 4730 ἀνδράσιν.

283 4748 419 4808 Frustra
442 4747 590 4808 Mainake
614 4751 647 4810 et
670 4749 761 4810 Koclr
784 4749 1005 4826 προσιστάμενα
1029 4755 1063 4812 et
1088 4753 1301 4830 παριστάμενα,
1325 4757 1441 4818 Procul
1466 4760 1562 4823 dubio

282 4847 509 4924 significantur
544 4852 691 4911 oratores
726 4851 961 4912 adolescentuli
998 4857 1173 4929 surgentes
1207 4856 1248 4916 ad
1282 4857 1455 4920 dicendum
1486 4865 1562 4924 anta

284 4950 382 5011 viros.
406 4948 595 5025 Lagentium
620 4950 795 5026 aliquando
818 4955 987 5030 proposui:

707 5049 1019 5132 προανεστάμεν’
1046 5053 1078 5116 ἐν
1101 5061 1162 5129 τοῖς
1185 5054 1339 5137 ἀνδράσιν.
