3748 5792
943 492 984 552 76

344 695 407 753 quo
429 679 512 740 nihil
534 678 850 756 reprehendendum,
883 680 916 740 in
940 679 1056 740 eodem
1080 693 1130 739 ve.
1155 677 1297 755 probans
1320 693 1430 738 meam
1454 679 1615 739 correctio

345 794 421 841 nem
449 785 602 861 καθαροῖσι
629 780 747 859 σφόδρα
778 787 831 852 (an
862 797 904 842 ex
923 780 1069 856 Hilbergi
1088 781 1237 841 doctrina
1255 783 1429 859 καθαροῖσιν
1458 779 1626 860 σφόδραέ),

344 881 451 943 deleto
470 884 664 958 interposito
684 880 733 954 ώς.
754 917 787 926 -
809 883 865 942 Vs.
890 884 940 943 18.
962 886 1045 957 Apte
1063 881 1195 956 quidem
1212 880 1299 942 idem
1319 878 1521 960 ἐπιμεμηνὼς,
1539 881 1625 955 quod

344 984 454 1044 minus
472 984 637 1060 probabile
657 987 769 1046 tamen
789 999 888 1059 quam
908 984 1120 1044 lenissimum
1141 982 1292 1043 Meinelrii
1304 983 1479 1044 inventum
1490 980 1626 1043 ἐπικεκο-

344 1082 408 1161 φώς
431 1100 489 1162 pro
512 1084 711 1162 ἐπιπεφυκὼς.
733 1119 774 1130 -
795 1085 851 1146 Vs.
875 1087 924 1146 19.
951 1085 1071 1146 Maiore
1095 1085 1197 1146 etiam
1221 1083 1380 1145 violentia
1402 1085 1451 1145 Bl.
1475 1085 1627 1160 proponit

344 1183 431 1262 ὄψον
460 1191 530 1264 (pro
562 1202 642 1249 sano
673 1185 816 1265 ἀνδρῶν),
848 1202 911 1261 quo
934 1187 1019 1263 perit
1042 1186 1165 1247 festiva
1199 1185 1317 1246 allusio
1347 1186 1388 1246 ad
1412 1185 1561 1262 Oobium,
1585 1187 1626 1246 de

344 1305 408 1365 qua
439 1290 478 1351 ci.
503 1290 604 1352 Koclr.
633 1290 788 1350 Fortasse
818 1289 920 1350 etiam
952 1287 1136 1362 comparari
1167 1289 1288 1364 poterit
1313 1287 1392 1348 illud
1415 1289 1571 1364 Archippi
1594 1289 1626 1348 11

345 1393 409 1452 723
426 1392 466 1452 Μ.
491 1388 599 1469 ἄνδρες
623 1391 741 1470 ἰχθύες,
764 1391 791 1450 si
814 1390 892 1452 licet
911 1390 1074 1465 suspicari
1097 1404 1137 1450 ea
1161 1389 1260 1450 verba
1290 1390 1380 1450 dicta
1402 1404 1477 1451 esse
1507 1391 1546 1451 ad
1571 1390 1625 1451 ho·

220 1538 222 1541 .
345 1495 452 1553 mines
474 1493 615 1569 piscium
638 1493 775 1554 nomina
798 1491 959 1552 habentes
982 1491 1034 1561 (cf.
1059 1492 1104 1551 ibi
1128 1491 1166 1552 ir.
1193 1493 1234 1562 6).

301 1595 351 1655 Fr.
378 1597 430 1672 29,
459 1597 486 1656 1.
522 1591 617 1674 φέρου
650 1599 738 1654 recte
768 1596 881 1654 tuetur
911 1593 1020 1667 Koclr;
1047 1608 1095 1652 vs.
1120 1594 1139 1651 2
1171 1607 1228 1652 cur
1255 1594 1424 1667 suspectat
1454 1591 1503 1655 Bl.
1526 1593 1627 1654 verba

345 1696 454 1774 οὕτως,
476 1694 595 1768 ἐκείνως
629 1711 684 1757 me
715 1696 846 1770 quidem
879 1694 979 1768 latet;
1010 1693 1199 1769 significare
1222 1694 1353 1756 videtur
1383 1693 1459 1755 hoc
1487 1697 1527 1754 et
1549 1693 1625 1755 illo

345 1800 375 1868 (i.
400 1814 428 1860 e.
464 1799 565 1869 omni)
601 1799 726 1859 rhodo.
753 1831 793 1841 -
818 1798 874 1858 Vs.
908 1800 927 1856 3
957 1797 1133 1872 Perperam
1154 1797 1242 1857 idem
1273 1789 1414 1874 ἐγχελρημ
1448 1792 1511 1873 ἐών,
1546 1812 1625 1858 nam

345 1899 510 1961 sententia
533 1899 702 1960 evidenter
725 1898 873 1973 postulat
896 1898 1055 1959 traditum
1079 1892 1135 1956 xliv
1160 1899 1243 1967 (sive
1265 1893 1350 1975 κῆν),
1372 1897 1437 1958 vel
1459 1897 1504 1958 si.

387 2001 425 2060 ln
455 2002 659 2075 Argumento
690 1999 854 2075 Euripidis
881 1999 1060 2060 Alcestidis
1083 2000 1206 2060 rectius
1229 2014 1330 2074 quam
1353 1999 1521 2061 Lachman
1545 1995 1626 2076 παρὰ

344 2106 404 2174 τοῖς
427 2106 568 2179 κωμικοῖς
592 2101 705 2162 Nauck
724 2099 805 2179 παρὰ
829 2110 901 2160 τῶν
924 2109 1208 2180 γραμματικῶν
1231 2116 1290 2177 pro
1314 2099 1417 2177 παρὰ
1439 2105 1522 2173 κοῖς
1544 2122 1625 2178 τρα-

344 2207 473 2282 γικοῖς
497 2203 676 2265 coniecisse
700 2204 844 2277 videtum
869 2204 899 2263 si
923 2217 1014 2279 vere,
1039 2205 1210 2264 constat
1233 2201 1354 2263 iclsam
1379 2218 1452 2264 esse
1473 2201 1627 2264 Meinelrii

344 2306 565 2379 suspicionem
596 2321 635 2366 ea
665 2304 766 2366 verba
789 2305 829 2365 ad
854 2305 1099 2380 Antiphaneam
1123 2305 1325 2365 Alcestidem
1351 2319 1424 2364 esse
1447 2304 1627 2364 referenda.

344 2406 431 2483 Quae
462 2407 600 2468 Nauckii
638 2407 805 2467 sententia
842 2406 944 2467 etiarn
976 2406 1106 2480 certior,
1138 2406 1167 2465 si
1196 2404 1305 2466 lenius
1336 2405 1496 2480 corrigere
1529 2405 1628 2466 liceat

344 2505 425 2586 παρὰ
455 2513 516 2580 κοῖς
544 2511 758 2588 γραμματικοῖς
789 2507 820 2578 (i.
846 2522 873 2568 e.
898 2507 1017 2568 iudicio
1048 2508 1355 2582 grammaticorum)
1379 2504 1565 2585 ἐκβάλλεται,
1589 2509 1628 2567 ut

345 2607 557 2689 ὁμολογεῖσθαι
580 2609 661 2690 παρά
684 2627 740 2669 τισι
764 2612 798 2670 et
820 2609 901 2688 παρά
924 2631 1014 2668 τινων
1039 2610 1126 2670 redit
1149 2609 1275 2670 eodem.

301 2713 352 2773 Fr.
377 2715 429 2788 33,
455 2715 484 2774 3.
510 2713 701 2774 Lectionem
723 2710 820 2787 φανός
841 2712 985 2786 praefert
997 2711 1061 2788 Bt,
1084 2710 1156 2772 coll.
1178 2711 1259 2771 Ach.
1278 2711 1353 2771 845.
1369 2745 1398 2755 -
1423 2709 1477 2770 Vs.
1492 2709 1626 2770 4.Idem

343 2814 413 2874 iure
437 2813 609 2875 addubitat
632 2813 749 2874 Kockii
768 2815 991 2875 coniecturam
1013 2811 1086 2891 βαιώ
1104 2834 1133 2872 εε
1157 2811 1229 2884 πέζα
1253 2828 1310 2888 pro
1335 2813 1497 2888 corruptis
1520 2810 1629 2890 βεβαία

344 2913 486 2994 τράπεζα,
509 2916 579 2990 ipse
602 2931 787 2990 proponens
807 2915 890 2985 (coll.
912 2914 1035 2976 Oratin.
1060 2915 1091 2974 ΙΙ
1115 2915 1179 2975 225
1200 2914 1240 2974 Μ.
1265 2911 1510 2990 κρουεεεζοφόρον
1531 2909 1629 2991 γένος)

344 3015 492 3092 κρούπεζα
523 3015 609 3095 βαιά,
639 3016 679 3076 de
710 3031 774 3091 quo
805 3021 839 3076 et
869 3017 940 3092 ipse
971 3017 1130 3092 cogitavi,
1163 3015 1269 3090 qualis
1300 3015 1444 3090 suspicio
1474 3015 1630 3089 quodam·

345 3117 442 3178 modo
466 3117 718 3178 commendatur
741 3118 893 3178 absentia
916 3116 1053 3180 voculae
1076 3138 1120 3194 τε,
1146 3132 1229 3191 quae
1248 3119 1282 3178 in
1302 3118 1363 3179 hac
1381 3117 1631 3178 enumeratione

345 3233 461 3293 parum
486 3219 660 3279 commoda
683 3222 745 3279 est.
770 3221 814 3278 At
847 3220 965 3279 statim
989 3219 1092 3279 abieci
1116 3233 1189 3279 eam
1214 3219 1435 3294 suspicionem
1458 3220 1632 3294 propterea

345 3318 431 3392 quod
454 3319 582 3394 Boeoti,
604 3333 668 3379 non
690 3319 912 3380 Athenienses
932 3323 1025 3393 (quos
1043 3319 1283 3394 intellegendos
1302 3334 1376 3380 esse
1400 3320 1495 3380 docet
1512 3334 1561 3380 vs.
1582 3320 1629 3394 6),

346 3422 441 3480 erant
469 3419 722 3498 κρουπεζοφόροι,
751 3421 863 3495 itaque
898 3421 985 3481 aliud
1017 3421 1256 3496 quaerendum,
1289 3420 1376 3495 quod
1405 3437 1470 3482 non
1492 3420 1629 3496 reperio.

346 3521 430 3582 Nam
463 3525 594 3596 praeter
628 3522 877 3584 incommodum
908 3543 938 3582 κε
972 3522 1088 3583 Kockii
1118 3523 1342 3584 coniecturam
1374 3522 1476 3583 etiam
1510 3521 1632 3597 premit

345 3623 438 3684 locus
468 3623 522 3685 ubi
552 3622 625 3696 πέζα
655 3627 946 3699 commemoratur,
979 3625 1097 3698 quippe
1131 3623 1170 3684 de
1201 3639 1265 3699 qua
1288 3623 1405 3683 statim
1436 3625 1511 3699 post
1535 3638 1582 3683 vs.
1608 3624 1629 3683 3

345 3724 472 3785 mentio
506 3725 614 3786 iuerat
647 3725 820 3786 inicienda.
857 3725 969 3786 Solum
1005 3724 1077 3803 βαιά
1111 3740 1227 3786 verum
1258 3739 1331 3786 esee
1362 3725 1485 3800 potest,
1518 3726 1552 3784 et
1581 3723 1631 3783 sic

346 3826 432 3900 apud
456 3825 664 3887 Athenaeum
689 3826 789 3886 habet
804 3826 838 3886 L.
854 3859 894 3869 —
909 3825 963 3886 Vs.
989 3827 1008 3887 6
1032 3825 1153 3886 iniuria
1177 3825 1226 3886 Bl.
1251 3841 1308 3900 pro
1330 3821 1386 3904 γὰρ
1411 3825 1548 3899 requirit
1569 3846 1630 3900 μοι.

346 3927 416 3988 Νοο
447 3928 536 3988 solos
566 3929 663 3988 Iones
695 3927 751 3988 sed
785 3928 888 3988 etiam
918 3927 1047 3988 Atticos
1078 3927 1244 3989 interdum
1274 3926 1373 3986 δοκεῖν
1406 3941 1465 4002 pro
1498 3924 1631 4002 νομίζειν

346 4044 523 4104 usurpasse
547 4031 631 4090 satis
655 4031 750 4089 const
772 4031 795 4090 t.

303 4131 355 4193 Fr.
379 4132 431 4207 34,
455 4131 484 4191 3.
516 4127 637 4207 ώριοκον
667 4146 724 4205 pro
756 4128 883 4207 χρηστὸν
914 4130 980 4204 ΒΙ.;
1013 4128 1082 4190 fleri
1112 4133 1238 4206 potest,
1271 4130 1328 4191 sed
1357 4131 1416 4190 vix
1439 4144 1520 4205 opus
1543 4129 1629 4189 vide·

347 4232 410 4292 tur.
442 4231 555 4293 Potius
587 4247 661 4293 cum
694 4230 817 4291 Kockio
849 4245 906 4305 pro
935 4226 981 4305 dt,
1015 4231 1099 4304 quod
1130 4231 1164 4290 in
1187 4229 1243 4310 γὰρ
1267 4233 1377 4292 mutat
1403 4231 1467 4306 Bl.,
1492 4231 1629 4304 scripse·

346 4331 411 4390 rim
441 4331 513 4390 δεῖν.
1373 4338 1375 4342 ’

303 4432 354 4493 Fr.
379 4433 432 4507 35,
459 4434 487 4492 l.
517 4431 591 4509 πρὸς
621 4443 667 4517 τῷ
699 4434 800 4518 μύρῳ
832 4430 993 4511 γενόμενον
1020 4429 1142 4492 αὐτὸν
1173 4429 1510 4510 κατέλιποκΙπερί
1534 4429 1626 4494 <τὸ>

346 4532 442 4610 μύρον
476 4530 532 4592 κιὲ.
567 4535 615 4595 Bl.
640 4535 841 4598 intolerabili
875 4534 1071 4610 tautologia,
1108 4535 1260 4610 graviore
1294 4537 1396 4597 etiam
1431 4550 1531 4610 quam
1565 4549 1632 4608 qua

346 4635 507 4711 premitur
541 4635 664 4696 tradita
697 4637 862 4710 scriptura
895 4634 970 4712 πρὸς
1000 4644 1038 4718 κώ
1070 4625 1249 4719 μυροπώλῃ,
1279 4653 1337 4712 pro
1368 4654 1432 4712 quo
1459 4639 1655 4713 praeterea·

347 4737 501 4810 expectes
535 4733 617 4813 παρὰ
650 4745 689 4816 τῷ
724 4759 752 4813 μ.
789 4739 847 4797 aut
879 4732 911 4794 ἐν
942 4742 996 4794 κοῦ
1029 4736 1218 4812 μυροπώλου.
1251 4737 1336 4799 Hinc
1367 4738 1450 4799 mihi
1477 4740 1555 4798 nata
1578 4739 1630 4798 est

346 4835 490 4911 suspicio
522 4835 621 4896 verba
643 4835 717 4912 πρὸς
741 4847 779 4920 καλ
804 4835 968 4920 μυροπώλῃ
998 4837 1080 4897 nihil
1104 4839 1192 4899 aliud
1217 4854 1414 4912 essequam
1437 4841 1629 4914 interpreta-

348 4939 500 4998 mentum
530 4939 740 5010 sequentium
770 4935 838 5017 περὶ
867 4936 956 5001 <κὸ>
985 4938 1096 5016 μύρον,
1126 4939 1245 5013 quibus
1273 4940 1352 5000 olim
1375 4941 1533 5014 probante
1556 4939 1629 4999 Mei·

347 5039 443 5100 nekio
467 5039 691 5100 necessarium
716 5041 838 5101 inserui
862 5040 1052 5116 articulum,
1078 5043 1111 5102 et
1133 5043 1266 5116 poetam
1286 5041 1429 5102 dedisse:
