3748 5792
964 484 1007 546 96

327 665 591 735 Auarondrldls
614 671 653 732 ir.
680 673 710 748 2,
736 674 766 733 3.
792 671 904 732 Nauck
928 671 999 731 liei.
1023 671 1065 730 VI
1089 687 1186 733 suam
1210 673 1435 736 coniecturam
1456 676 1649 752 detondens,

369 771 572 834 Koclriaoam
592 774 768 849 impugnat
787 775 918 849 propter
936 776 1105 833 servatam
1126 773 1268 835 turmam
1288 776 1401 836 miuus
1414 778 1554 838 atticam
1567 777 1652 861 Ιἥσειν

369 889 426 949 pro
449 872 523 953 ἤδη,
552 875 611 936 sed
641 875 754 936 dubito
785 890 865 936 num
889 874 951 935 hac
974 877 1097 947 aetate,
1122 890 1188 950 qua
1211 877 1335 937 dudum
1359 878 1550 940 invaluerat
1572 896 1653 941 usus

369 977 494 1038 formae
513 967 551 1054 ἦν
570 991 627 1052 pro
647 967 666 1053 ἦ
686 977 719 1038 in
740 978 848 1052 prima
866 991 1021 1052 persona,
1041 979 1139 1038 vetus
1158 977 1238 1038 illud
1258 975 1318 1055 ἤδη
1336 984 1530 1042 constanter
1543 997 1649 1043 serva·

369 1085 439 1140 tum
463 1079 518 1139 sit.
549 1077 771 1140 Nihilominus
797 1079 957 1140 malorem
980 1076 1080 1139 fldem
1104 1079 1259 1141 haberem
1283 1080 1401 1142 Koclrli
1425 1083 1648 1160 coniecturae,

368 1182 398 1241 si
421 1180 650 1242 meminissem
673 1181 835 1242 formulae
859 1177 915 1240 οὖν
938 1171 1020 1239 εἷσαν
1043 1173 1111 1239 οὐδ’
1137 1173 1206 1240 olio
1229 1181 1394 1257 exempla.
1408 1216 1451 1226 -
1472 1184 1528 1245 Vs.
1542 1188 1576 1256 4,
1598 1185 1651 1245 ubi

368 1283 492 1344 Kookio
515 1296 579 1341 non
598 1280 762 1343 satisfecit
784 1281 959 1342 lenissima
979 1281 1131 1342 Meinelrii
1154 1282 1342 1344 conlectura
1366 1285 1397 1341 X
1403 1291 1535 1360 ρῆσεε,
1557 1285 1652 1344 uota

368 1400 426 1459 pro
446 1389 575 1462 χρηστῶς
595 1379 665 1451 οὐκ,
684 1383 733 1444 ΒΙ.
753 1385 864 1444 tentat
883 1377 921 1439 ἂν
940 1375 1010 1456 τότ’,
1027 1381 1084 1441 οὐκ
1102 1379 1174 1453 ἔζων
1186 1379 1257 1460 ἐγώ,
1276 1399 1359 1458 quae
1380 1385 1465 1444 mihi
1478 1401 1542 1446 non
1555 1388 1648 1447 satis·

369 1488 493 1548 iaciunt
525 1484 574 1545 vel
605 1483 725 1545 idcireo
749 1484 834 1558 quod
859 1481 997 1544 verbum
1020 1485 1158 1561 παραζῆν
1181 1485 1439 1546 continuitatem
1463 1501 1525 1547 sua
1549 1487 1652 1562 ipsius

370 1593 487 1649 natura
520 1583 712 1660 significans
744 1582 942 1661 particulam
977 1584 1168 1645 iterativam
1204 1585 1261 1646 vix
1298 1585 1477 1648 admittere
1512 1588 1652 1649 videtur.

370 1690 482 1751 Possis
512 1687 605 1758 οὕτως
636 1684 770 1763 παρέζων
803 1686 914 1762 δῆτα,
940 1683 1052 1760 κούκ,
1075 1686 1136 1750 sed¹
1157 1686 1240 1748 nihil
1265 1684 1404 1749 affirmo.
1429 1687 1513 1749 Cum
1536 1689 1649 1750 eodem

370 1793 402 1851 in
426 1793 464 1852 tr.
490 1792 520 1864 3,
545 1790 559 1848 1
585 1789 684 1864 probo
704 1787 823 1850 Nabari
844 1786 1069 1848 coniecturam
1090 1786 1233 1848 delentis
1252 1803 1496 1864 supervacuum
1512 1789 1652 1868 ποτήρια,

371 1909 509 1968 proquo
533 1889 715 1951 Macrobius
738 1888 837 1950 habet
856 1885 983 1964 κυμβία,
1002 1890 1036 1948 et
1059 1903 1135 1948 cum
1159 1888 1207 1948 Bl.
1235 1905 1282 1950 vs.
1307 1891 1326 1950 3
1352 1895 1488 1968 propter
1511 1907 1652 1965 sequens

370 1995 553 2071 perlectum
577 1992 795 2069 expectabam
818 1989 986 2068 εεκάραιιεν
1010 2005 1067 2065 pro
1091 1988 1249 2066 ἐκάρωσεν.

327 2097 378 2157 Fr.
392 2099 431 2156 41
446 2113 493 2172 sq.
507 2095 704 2156 Doctissime
716 2094 755 2154 de
768 2094 799 2154 h.
809 2094 831 2155 l.
851 2093 1033 2168 disputavit
1045 2093 1077 2153 in
1092 2093 1260 2170 Philologo
1274 2095 1309 2156 Ο.
1322 2094 1468 2171 (husius,
1491 2095 1647 2170 „Servo-

371 2214 458 2258 rum
478 2198 577 2258 urbs
596 2211 799 2271 nusquam
819 2197 885 2255 est
905 2194 1114 2269 gentium;
1135 2210 1228 2255 nam
1247 2196 1449 2257 fortunae
1468 2196 1649 2258 arbitrio

371 2301 438 2375 qui
469 2300 646 2360 luerunt.
669 2297 784 2358 servi
813 2297 932 2356 cives
955 2295 1083 2356 liberi
1107 2296 1231 2358 fiunt.
1256 2299 1443 2372 Respicitur
1467 2299 1507 2359 ad
1530 2299 1650 2359 fabulo·

372 2419 445 2464 sam
476 2400 591 2462 urbem
622 2401 655 2460 in
687 2400 797 2461 Africa
827 2401 1048 2458 memoratam
1073 2413 1092 2458 a
1116 2398 1243 2460 Moesia
1274 2400 1425 2461 Patrensi
1449 2401 1533 2476 apud
1557 2399 1651 2473 Didy-

372 2521 475 2565 mum.
500 2503 547 2564 ct.
572 2503 660 2564 Suid.
685 2518 712 2563 s.
737 2517 786 2573 v.;
811 2499 928 2561 Zenoh.
955 2498 1087 2572 11125;
1112 2500 1323 2577 Pseudoplut.
1348 2517 1378 2577 p.
1403 2503 1488 2576 324;
1520 2501 1651 2575 Eupolis

372 2607 480 2667 Mario.
512 2605 551 2666 ir.
585 2605 645 2664 197
671 2605 733 2664 Κ.”
766 2635 798 2646 -
825 2601 880 2661 Vs.
907 2602 926 2660 2
956 2601 1077 2676 σώματα
1108 2617 1227 2662 sanum
1257 2617 1330 2664 esso
1354 2603 1435 2663 mihi
1461 2605 1649 2678 neutiquam

372 2708 534 2785 persuasit
568 2705 683 2766 Kockii
717 2703 893 2764 affirmatio
903 2721 911 2777 ;
947 2703 1129 2764 haeserunt
1161 2707 1293 2779 praeter
1315 2720 1370 2765 me
1394 2706 1428 2764 F.
1450 2705 1486 2765 G.
1505 2705 1653 2765 Schmidt

371 2825 499 2886 quoque
521 2813 554 2869 et
578 2808 641 2883 Bt,
666 2821 806 2882 quorum
829 2804 884 2865 ille
908 2803 1057 2882 σχήματα,
1075 2806 1127 2865 hic
1152 2804 1272 2867 mellus
1294 2807 1452 2886 πράγματα
1473 2808 1651 2882 proposuit.

373 2910 566 2973 incredibile
585 2909 674 2969 dictu
694 2911 746 2968 est
765 2907 905 2967 eundem
925 2905 997 2976 (Bl.)
1019 2907 1101 2967 vet
1122 2905 1262 2966 δεσπόται
1281 2901 1340 2990 κᾷτ’
1365 2923 1422 2984 pro
1442 2911 1583 2980 Σουνιεῖς
1603 2901 1649 2966 είι·

370 3013 517 3075 conicere
541 3011 739 3072 sustinuisse
761 3014 793 3069 et
819 3023 866 3068 vs.
890 3011 910 3068 5
935 3004 1029 3090 ἀγορᾷ
1052 3006 1223 3086 κέχρηνται,
1246 3023 1329 3082 quae
1349 3011 1472 3085 optime
1492 3010 1649 3084 explicuit

369 3114 675 3188 Schweighaeuser,
700 3110 909 3185 interpretari
934 3111 1135 3171 venerint
1158 3113 1364 3180 (venenati).

327 3219 377 3280 ir.
403 3221 433 3293 6,
448 3218 478 3278 2.
499 3213 714 3277 Probabiliter
728 3211 821 3274 Kock
840 3207 873 3270 ἐν
890 3210 1050 3292 nupturae
1070 3209 1170 3294 στέγα,
1189 3212 1253 3273 nisi
1273 3213 1358 3287 quod
1377 3213 1503 3278 formae
1523 3213 1651 3274 donnae

369 3320 462 3380 locus
491 3332 556 3378 non
586 3321 639 3377 est
669 3321 759 3386 (nam
790 3314 914 3391 διανεκῆ
945 3314 1086 3374 atticum
1117 3317 1193 3389 est),
1227 3317 1260 3374 et
1291 3313 1520 3390 proculdubio
1543 3314 1650 3389 legen·

372 3422 451 3481 dum
475 3415 569 3500 στέγῃ.

327 3522 378 3582 Fr.
403 3523 434 3582 9.
570 3517 624 3596 τὴν
647 3515 679 3578 ta
703 3518 862 3596 Κορίνθου
887 3509 979 3575 Λαΐδ’
1005 3507 1113 3586 elohim
1139 3517 1171 3574 h.
1194 3523 1258 3587 πῶς
1281 3513 1338 3596 γὰρ
1361 3513 1416 3588 effi

572 3620 626 3699 τὴν
649 3642 825 3700 ημεριον.
850 3623 886 3678 Α.
906 3609 946 3696 ἣν
969 3613 1067 3700 ἐκείνῃ
1091 3639 1134 3688 τις
1157 3616 1231 3695 φίλη

564 3721 689 3782 Ἄντεια.
713 3725 746 3782 Β.
769 3717 820 3780 καί
844 3714 925 3780 τοῦθ’
952 3713 1094 3796 ἡμέτερον
1117 3708 1156 3795 ἦν
1179 3717 1330 3797 παίγνιον.

572 3829 609 3884 Α.
632 3821 670 3900 νὴ
694 3822 746 3885 τὸν
770 3815 821 3880 Δί’
848 3817 937 3898 ἤνθει
959 3818 1023 3880 τότε
1048 3819 1238 3897 Λαγίσκη,
1260 3809 1307 3896 ἧν
1330 3813 1371 3878 δὲ
1394 3816 1479 3878 τότε

570 3924 621 3986 καὶ
648 3925 779 4000 Θεολύτη
803 3919 858 3982 att.

371 4028 426 4089 Vs.
451 4030 481 4089 2.
507 4028 649 4104 Recepta
683 4029 735 4087 est
764 4023 935 4085 Abrcschii
967 4023 1049 4084 coni.
1085 4019 1267 4100 ἡμειέρειον,
1304 4037 1386 4098 quae
1421 4037 1487 4084 non
1517 4037 1582 4084 una
1612 4023 1654 4084 de

370 4146 471 4190 causa
506 4131 585 4190 mihi
620 4129 751 4204 quidem
788 4127 918 4187 videtur
952 4125 1190 4186 infelicissima.
1234 4125 1382 4185 Primum
1418 4125 1507 4185 enim
1543 4123 1655 4185 Sicula

371 4232 501 4291 natione
525 4233 609 4306 erat,
630 4245 730 4305 quare
748 4222 898 4304 Ἵμεραίαν
918 4224 1145 4300 (iasauhouus,
1173 4225 1464 4300 Schweighaeuser
1477 4219 1654 4301 ‘Tasopeion

368 4332 592 4406 reponendum
634 4346 708 4392 esse
750 4329 974 4401 coniecerunt,
1017 4342 1123 4400 neque
1165 4327 1266 4401 igitur
1308 4327 1364 4399 qui
1398 4325 1488 4400 loqui
1521 4325 1654 4386 videtur

372 4434 586 4494 Atheniensis
609 4449 683 4494 eam
708 4433 942 4493 nostratem
967 4428 1132 4503 appellare
1156 4429 1277 4504 potuit,
1310 4428 1428 4490 deinde
1450 4443 1527 4489 vero
1550 4423 1652 4504 ἡμετέ-

371 4557 463 4612 ρειος,
493 4552 556 4610 quo
587 4534 749 4595 adieetivo
779 4532 885 4607 solus,
916 4531 1076 4603 quantum
1103 4531 1276 4605 novimus,
1300 4544 1382 4590 usus
1404 4531 1457 4590 est
1479 4529 1651 4592 Anacreon

371 4639 404 4697 in
432 4639 499 4696 EM
520 4638 584 4696 429
621 4631 798 4710 (ὑμειίρειος
833 4635 867 4693 et
896 4627 1078 4707 σφετέροιος,
1106 4631 1135 4690 si
1167 4646 1326 4705 umquam
1358 4629 1554 4707 extiterunt,
1585 4644 1651 4691 non

370 4740 519 4800 tulerunt
549 4739 717 4810 aetatem),
750 4736 783 4794 et
814 4747 853 4792 ea
882 4731 1015 4792 notione
1046 4731 1195 4792 Atticum
1228 4736 1279 4792 est
1305 4726 1467 4807 ἡμεδαπός.
1491 4731 1553 4792 Sed
1575 4731 1654 4805 quia

371 4843 471 4902 etiam
493 4840 631 4901 Athenis
652 4839 736 4896 vixit
756 4834 930 4909 aliquando
949 4831 1120 4894 corinthia
1131 4835 1304 4909 meretrix,
1326 4837 1514 4896 nostram
1533 4846 1652 4894 vocare

369 4943 490 5020 potuit,
516 4947 553 5002 ut
576 4941 718 5002 Anteam
738 4938 875 5008 (frustra
892 4931 1037 4994 Ἄνθειαν
1057 4935 1197 4995 coniecit
1220 4935 1278 5004 Bi.)
1304 4935 1421 4996 deindo
1445 4936 1541 4996 vocat
1562 4933 1650 4993 idern

371 5039 514 5122 ἡμέτερον
543 5040 699 5120 παίγνιον,
725 5039 783 5099 vix
807 5037 920 5097 dubito
940 5035 1018 5109 quin
1042 5036 1272 5109 corrigendum
1297 5038 1358 5096 sit:
1380 5034 1436 5113 τὴν
1457 5030 1650 5114 ἡμετέραν
