3748 5792
867 473 927 534 127

276 654 371 738 τούτῳ
394 675 426 735 γε
449 659 508 717 aut
530 655 611 740 αὐτῷ
634 678 667 737 γε
690 661 775 733 (post
794 659 856 720 hoc
875 673 1057 736 pronomen
1076 680 1109 738 γε
1129 660 1277 734 ineptum
1298 663 1369 738 111),
1389 677 1448 737 ego
1461 665 1557 724 teneo

278 758 426 817 veterem
450 757 673 820 coniecturam
697 757 778 843 αὐτῷ
803 757 840 819 ob
863 758 984 838 χαίρων.
1006 794 1047 804 -
1071 758 1127 822 Vs.
1156 762 1206 822 10.
1231 759 1359 839 δίπυρον
1382 767 1439 833 (11.
1456 759 1558 841 ἅρυον)

277 857 480 938 παραθήσεις,
511 856 572 943 ᾠὸν
600 857 925 938 ἐπιτετμημένον.
956 855 1146 938 Ἐπιτέμνειν
1176 864 1228 923 est
1258 878 1403 924 secare
1433 865 1473 925 in
1499 880 1558 927 su·

277 959 472 1037 perficio,
503 975 609 1035 neque
638 962 739 1038 igitur
770 963 869 1024 buius
899 963 972 1025 loci.
1003 964 1079 1026 Iure
1109 964 1253 1025 offensus
1275 964 1324 1026 Bl.
1349 964 1486 1026 coniecit
1515 957 1556 1027 εὖ

277 1059 531 1140 τετμημένον,
553 1064 639 1138 quod
662 1066 740 1139 quia
758 1079 875 1139 parum
894 1064 1059 1141 placebat,
1081 1065 1224 1140 cogitavi
1247 1064 1286 1125 de
1306 1066 1495 1142 corrigendo
1514 1067 1558 1126 11

278 1159 524 1240 τετμημένον.
549 1165 595 1227 At
616 1181 719 1227 uuum
743 1182 842 1228 ovum
866 1167 898 1229 h.
918 1167 941 1229 l.
965 1183 1080 1242 pamm
1104 1167 1244 1242 videtur,
1266 1181 1325 1228 nec
1348 1167 1431 1228 eatis
1451 1168 1556 1230 defen·

276 1263 365 1325 ditur
383 1265 422 1326 ir.
446 1266 519 1344 174,
544 1267 574 1342 8,
596 1266 651 1328 ubi
670 1283 736 1329 non
756 1268 847 1329 cibus
868 1271 935 1345 est,
956 1268 1015 1329 sed
1027 1267 1290 1345 condimentum,
1311 1282 1371 1329 1111
1382 1269 1420 1330 rr.
1437 1271 1510 1348 127,
1526 1273 1556 1346 5,

276 1365 307 1425 si
336 1368 425 1428 recte
452 1367 499 1429 ibi
532 1383 647 1430 vocem
677 1369 818 1432 restitui.
848 1369 895 1432 Of.
927 1370 1128 1434 comicorum
1158 1370 1223 1432 loci
1245 1370 1279 1430 in
1302 1370 1422 1431 lacobii
1446 1372 1556 1434 Indice

276 1483 303 1528 s.
328 1483 358 1528 v.
389 1467 458 1551 ᾠόν.
485 1469 692 1546 Quamquam
722 1471 832 1547 paullo
855 1471 986 1548 longius
1010 1472 1126 1548 distat,
1152 1472 1350 1534 correxerim
1373 1473 1483 1546 potius
1506 1472 1557 1556 ᾠὰ

276 1568 580 1649 διατετρημένα,
611 1573 682 1634 sive
715 1573 803 1653 δίχα
833 1570 1061 1651 τετμημένα.
1092 1572 1139 1636 df.
1170 1572 1321 1635 Alexidis
1344 1573 1382 1633 11.
1413 1574 1488 1649 261,
1516 1576 1556 1635 10

276 1671 344 1754 ᾠῶν
374 1667 512 1750 ἡμίτομα.
546 1673 593 1734 De
625 1674 760 1750 reliquia
793 1675 833 1736 cf.
865 1676 913 1737 Bl.
945 1691 975 1752 p.
1003 1676 1066 1737 162
1090 1691 1153 1752 so,
1183 1675 1237 1749 qui
1269 1690 1318 1736 vs.
1346 1676 1385 1737 16
1416 1675 1556 1737 fortasse

273 1777 362 1835 recte
385 1775 525 1836 coniecit
547 1772 708 1856 ἄνθρωπε,
730 1777 822 1848 παῖζε.

227 1874 280 1937 l'r.
309 1875 382 1952 174,
407 1876 437 1936 3.
462 1871 637 1953 πορνοιθὲν’
662 1893 721 1953 pro
745 1874 907 1956 παρελθὼν
927 1879 1003 1953 epte
1021 1877 1085 1954 Bl.,
1108 1879 1142 1938 et
1160 1892 1209 1938 vs.
1231 1879 1250 1938 5
1272 1869 1356 1936 οἶνον
1375 1893 1433 1953 pro
1456 1882 1556 1958 θρῖον,

274 1977 367 2037 cuius
401 1976 487 2037 mira
517 1979 571 2038 est
601 1979 634 2039 iu
665 1978 787 2040 mediis
819 1979 1040 2041 condimentis
1063 1979 1199 2039 mentio.
1227 2011 1265 2022 -
1291 1978 1346 2039 Vs.
1371 1981 1402 2040 6.
1434 1978 1554 2058 γήθυον

272 2078 380 2148 (blein.
404 2093 461 2153 pro
485 2076 613 2157 γήτειον)
638 2078 745 2140 forma
768 2082 923 2155 suspecta
946 2080 1135 2142 admodum.
1160 2079 1275 2141 Melius
1294 2079 1403 2141 locum
1423 2081 1556 2143 sanavit

275 2178 410 2241 Dobree.

228 2279 280 2340 llr.
308 2283 381 2344 177.
405 2281 578 2361 σιτόκουρος
602 2287 724 2355 1οῑοος
748 2285 783 2344 11
805 2282 914 2363 κείρειν
936 2287 1026 2345 recte
1050 2283 1200 2344 derivare
1224 2283 1353 2344 videtur
1375 2283 1423 2344 Bl.

230 2381 281 2444 Fr.
309 2384 381 2461 182,
407 2387 437 2447 2.
462 2382 494 2444 ἐν
517 2388 629 2448 tuetur
652 2385 754 2448 Kock.
779 2386 905 2447 Mecum
931 2382 979 2446 ἐπὶ
1002 2386 1186 2461 corrigente
1209 2384 1288 2446 11111
1310 2384 1358 2447 Bl.
1379 2419 1419 2429 —
1440 2384 1497 2447 Vs.
1522 2389 1552 2448 3.

277 2474 326 2561 ἦν,
345 2486 430 2560 quod
449 2487 482 2548 in
503 2481 558 2547 ἐστ’
579 2488 702 2549 mutari
719 2488 810 2549 iubet
829 2487 893 2564 Bl.,
916 2486 1057 2549 11111111
1077 2487 1274 2548 attractione
1293 2488 1476 2562 praegressi
1495 2485 1553 2547 idn

274 2585 403 2648 defendi
424 2591 550 2665 potest,
573 2605 634 2650 nec
657 2589 883 2650 necessarium
902 2591 982 2666 puto
1002 2582 1036 2649 δι’
1060 2585 1121 2648 ὅτι
1141 2590 1223 2650 vad
1243 2603 1300 2663 pro
1320 2585 1415 2647 διὰτί.
1436 2588 1554 2664 Magna

275 2686 308 2747 in
331 2688 454 2751 talibus
479 2705 552 2752 esse
575 2690 706 2752 videtur
729 2691 892 2752 scribendi
915 2690 1063 2752 libertae.
1086 2689 1133 2752 cf.
1158 2705 1189 2751 v.
1214 2705 1240 2750 c.
1268 2689 1340 2767 186,
1366 2691 1385 2749 3
1408 2692 1443 2751 11
1465 2691 1496 2752 4.

229 2789 281 2865 Fr,
308 2790 380 2867 183,
406 2793 437 2853 8.
461 2785 573 2869 μάλιστ’
600 2823 642 2834 -
665 2792 751 2852 πολύ.
774 2790 822 2852 cf.
846 2792 885 2853 fr.
913 2793 985 2868 156,
1011 2794 1030 2852 3
1055 2784 1162 2852 πλείον’
1187 2824 1226 2835 -
1247 2790 1333 2850 πολύ.

230 2889 280 2950 Fr.
309 2891 380 2967 186,
406 2893 437 2952 3.
473 2889 602 2970 οἰστέον,
635 2893 706 2955 1111.
737 2893 874 2954 domum
905 2909 923 2953 e
953 2894 1022 2954 foro
1049 2892 1167 2954 venali.
1192 2892 1263 2953 Non
1286 2895 1339 2953 est
1361 2906 1418 2954 cur
1440 2907 1550 2969 snspe-

272 2994 361 3052 ctum
394 2995 591 3056 vocabulum
622 2995 805 3056 habeamus
833 3010 908 3056 cum
932 2995 992 3072 BL,
1017 2995 1072 3069 qul
1095 2995 1189 3055 117
1221 2994 1309 3055 male
1339 2994 1551 3072 1111111περι-

270 3093 368 3165 πάσας
405 3111 464 3172 pro
493 3093 669 3173 ὑποπάσας,
703 3099 887 3182 composito
918 3096 1091 3171 aptissimo
1122 3097 1253 3171 propter
1284 3095 1467 3170 sequentia.
1504 3095 1550 3156 01.

271 3192 400 3269 ὑποθεὶς
421 3197 460 3258 11.
488 3199 561 3275 188,
589 3199 618 3259 2.

228 3295 279 3356 Fr.
306 3298 378 3359 187.
864 3279 870 3288 ¹
993 3297 1141 3377 σηπίας
1165 3295 1283 3369 τόσας

495 3399 627 3479 δραχμῆς
651 3408 720 3476 μιᾶς
744 3396 834 3478 τρὶς.
857 3397 914 3460 uri.

271 3499 322 3559 111
340 3501 449 3562 editur
466 3517 483 3562 e
503 3501 787 3577 schweighauseri
807 3502 995 3563 coniectura
1014 3517 1072 3578 pro
1092 3499 1197 3579 σηπίαι
1216 3499 1331 3572 πόσους.
1351 3499 1413 3560 Sed
1426 3501 1550 3575 respuit

271 3603 471 3664 comicorum
495 3618 605 3665 sermo
628 3601 714 3674 νόσος
736 3618 794 3679 pro
818 3601 948 3662 τοσόσδε.
973 3602 1088 3664 Procul
1111 3602 1209 3664 dubio
1233 3600 1477 3676 corrigendum:

994 3703 1137 3781 σηπίας
1161 3701 1303 3775 nodum

463 3806 556 3867 <B.>
584 3803 716 3883 δραχμῆς
739 3813 809 3882 μιᾶς
831 3809 916 3884 τρεῖς.
940 3802 998 3865 ιιτὲ.

271 3905 379 3984 σηπίας
406 3903 461 3984 ἔχον
485 3905 537 3967 vel
568 3905 674 3982 σηπίαι
703 3906 784 3985 πάρα
814 3906 1047 3983 improbabiles
1078 3909 1155 3968 sunt
1186 3906 1235 3967 Bl.
1267 3905 1480 3981 suspiciones.
1506 3937 1546 3948 --

269 4007 324 4070 Vs.
337 4012 368 4072 6.
389 4009 482 4070 ldem
509 4001 629 4070 <abb
659 4005 837 4086 ἐπειοφέρο,
859 4009 962 4070 nimio
982 4008 1165 4085 molimine,
1187 4007 1294 4068 lenius
1317 4007 1405 4068 enim
1430 4005 1548 4080 corrigi

269 4114 380 4186 potest
409 4106 542 4170 εἰσιὼν
570 4105 660 4188 φέρω.
690 4110 790 4171 Recto
814 4110 905 4172 Koclr
929 4107 977 4169 lot
999 4117 1052 4169 τοῦ
1076 4109 1222 4189 ταγήνου,
1245 4110 1338 4170 cuius
1362 4109 1548 4170 coniectura

268 4209 393 4272 ἐπινεόν
416 4214 566 4288 tempore
589 4215 716 4288 peccat,
742 4213 819 4288 quia
841 4229 924 4288 opus
947 4214 1037 4274 esset
1060 4212 1183 4274 aorlsto
1207 4207 1358 4288 ἐπιυήοας.

226 4311 275 4376 Fr.
302 4315 374 4392 188,
400 4315 430 4376 8.
461 4313 498 4374 In
530 4313 667 4376 articulo
697 4314 767 4375 iure
789 4315 931 4376 haerens
954 4314 1002 4376 Bl.
1027 4313 1181 4390 proponit
1202 4308 1252 4371 καὶ
1276 4305 1371 4390 υρῖμμ’
1396 4307 1546 4372 1111116-

267 4409 374 4493 υριμμ’,
406 4430 546 4490 quorum
580 4415 746 4491 posterius
779 4415 910 4476 facilins
940 4416 1049 4490 potuit
1080 4414 1168 4475 abire
1197 4413 1231 4473 in
1261 4412 1293 4473 rb
1316 4406 1410 4491 νρῖμρι’
1436 4413 1546 4486 itaque

268 4517 528 4592 praeferendum.
556 4549 591 4558 ψ
618 4516 674 4578 Vs.
700 4519 729 4578 5.
761 4517 824 4578 Hic
847 4532 974 4591 quoque
997 4512 1179 4595 καταβρέξας
1202 4514 1306 4576 latere
1333 4515 1463 4576 videtur
1485 4513 1546 4575 sub

267 4619 412 4696 πατάξας,
434 4621 471 4680 ut
493 4619 533 4680 11.
560 4618 632 4679 183.
658 4619 677 4678 5
700 4617 883 4697 κατάβρεξον
907 4617 1031 4679 conieci
1054 4631 1113 4694 pro
1136 4616 1286 4693 μάστιξον.

226 4719 275 4782 Fr.
302 4721 374 4800 188,
396 4722 425 4780 2.
450 4719 546 4780 Lusit
568 4718 633 4781 Bl.:

557 4821 641 4881 ὕειον
663 4816 724 4898 ἡδὺ
747 4817 798 4881 καὶ
822 4815 887 4900 μάλ’
913 4817 1052 4901 εὔχυλον,
1074 4817 1155 4899 τέρεν

558 4921 630 4984 ὅταν
651 4920 771 5006 γένηται
795 4920 950 5003 θερμὸν
973 4918 1090 4983 ὀπτὸν
1114 4917 1252 5000 εἰσφέρω.

267 5030 400 5100 cogente
424 5027 530 5086 metro
553 5040 655 5100 pravo
678 5027 776 5086 utens
799 5025 976 5087 verborum
999 5025 1112 5086 ordine
1136 5038 1195 5100 pro
1219 5017 1312 5081 ὀπτὸν
1335 5018 1467 5100 θερμὸνΙ
