3778 5796
987 504 1027 563 10

678 701 730 770 τῆς
753 691 847 771 κόμης
870 688 1027 751 καθίίκων

389 794 428 854 de
457 793 617 868 producta
639 794 830 869 syllabam
854 809 1050 869 comparans
1072 791 1163 872 γένεα
1186 793 1262 853 Eur.
1285 790 1333 850 El.
1360 791 1455 851 1214.
1480 790 1520 850 lr.
1544 790 1619 866 520,
1643 793 1662 849 6

388 896 422 955 et
441 887 519 954 Ἰτον
543 895 640 970 soph.
664 896 711 957 El.
740 898 802 957 148
826 899 860 957 et
890 894 996 973 στίχος
1027 894 1102 955 Eur.
1126 894 1221 954 Here.
1244 894 1274 954 5.
1299 892 1515 952 Probabiliter
1537 891 1662 967 omnia,

388 999 520 1070 praeter
542 993 635 1075 ἄκρας
661 999 786 1074 tragico
810 1013 901 1059 more
927 997 1087 1073 producta
1108 998 1216 1072 priore
1239 994 1379 1069 syllaba.
1403 994 1455 1054 An
1479 993 1544 1054 luit

724 1097 813 1172 ἑστὼς
835 1103 1008 1179 χαμᾶΙιΙθεν
1035 1096 1124 1172 (ἐξ)
1151 1095 1245 1175 ι’ίιιρας
1268 1095 1324 1157 κτὲ.

387 1203 426 1260 ut
454 1200 611 1274 iungatur
634 1199 780 1279 ἔκαμπτεν
804 1199 834 1274 ἐξ
855 1199 949 1280 άιιρας
972 1209 1023 1278 τῆς
1047 1199 1162 1278 κόμηςῗ
1191 1200 1237 1261 De
1260 1200 1368 1261 forma
1391 1200 1493 1260 attica
1515 1201 1663 1278 χαμαῖθεν

389 1301 454 1362 vid.
479 1301 589 1378 Blass,
614 1299 772 1378 Ausspr.²
798 1305 871 1365 116.

432 1400 546 1463 cobeti
573 1405 686 1465 autem
718 1405 802 1466 coni.
834 1399 867 1476 ὃς
897 1401 962 1476 τάς
986 1403 1100 1476 πίτυς
1131 1401 1280 1481 ἔκαμπτεν
1299 1401 1304 1480 Ι
1326 1400 1415 1474 ἑστὼς
1439 1424 1463 1481 χ.
1491 1399 1660 1484 <ρριδίτος>

388 1500 481 1580 ἄκρας
511 1503 606 1582 κόμης
638 1528 664 1564 κ.
695 1506 742 1566 ita
771 1505 969 1581 probabilior
999 1507 1075 1583 erit,
1107 1505 1136 1566 si
1159 1505 1320 1566 traditum
1345 1502 1399 1582 τὴν
1422 1502 1512 1564 πίτυν
1535 1517 1664 1564 revoca-

388 1606 489 1682 veris,
519 1621 579 1668 nec
608 1610 721 1669 tamen
749 1607 801 1669 vel
824 1609 873 1668 sio
903 1608 1077 1668 articulum
1109 1609 1201 1669 vocis
1223 1607 1318 1684 κόμης
1340 1606 1502 1668 omissum
1525 1605 1663 1666 admise-

387 1708 461 1770 rim.
483 1709 570 1784 Quae
593 1711 696 1770 etiam
719 1710 886 1784 Blaydesii
907 1710 1010 1770 luisse
1033 1710 1164 1772 videtur
1186 1710 1353 1770 sententia
1371 1707 1597 1783 proponentis:

477 1805 510 1881 ὃς
535 1807 602 1882 τὰς
626 1810 742 1883 πίτυς
768 1809 897 1888 ἔκαμπτε
917 1809 922 1892 Ι
943 1816 1083 1890 χαμᾶθεν
1105 1809 1194 1883 ἑστὼς
1217 1819 1269 1888 τῆς
1289 1811 1384 1888 κόμης
1412 1807 1564 1880 <αότᾶς>

387 1907 481 1989 ἄκρας
504 1909 672 1990 autllmno,
694 1914 766 1974 eine
788 1929 888 1974 causa
910 1917 1132 1989 transponens
1154 1936 1179 1993 χ.
1201 1911 1224 1974 ἓ.
1247 1929 1304 1990 pro
1328 1910 1350 1974 ἓ.
1373 1937 1397 1992 χ.

388 2013 543 2075 Fortasse
565 2014 666 2089 igitur
689 2030 769 2076 vera
791 2015 888 2076 lectio
911 2016 992 2077 haee
1015 2019 1084 2076 est:

430 2183 433 2190 p
476 2110 509 2188 ός
532 2113 601 2192 τὴν
625 2115 738 2176 πίτυν
761 2113 907 2194 ἔκαμπτεν
928 2111 932 2197 Ι
954 2114 1042 2189 ἑστὼς
1064 2121 1213 2196 χαμαῖθεν
1236 2125 1288 2194 τῆς
1310 2115 1405 2194 κόμης
1433 2114 1581 2194 <αόττΙν>

387 2213 481 2293 ἄκρας
511 2215 676 2277 autllmno.
708 2218 798 2294 Quod
828 2217 1045 2280 confidentius
1068 2218 1285 2296 affirmarem,
1316 2220 1345 2280 si
1368 2221 1558 2295 suppeteret
1581 2219 1665 2280 milri

388 2318 579 2394 exemplum
602 2335 620 2380 e
643 2320 863 2381 comoedia
885 2320 1035 2395 syllabas
1058 2319 1097 2382 o'v
1120 2323 1308 2397 productae.

344 2420 395 2480 Fr.
421 2421 496 2482 299.
520 2421 570 2484 Bl.
600 2419 692 2482 <ἕτι>
718 2430 778 2481 τῶν
801 2422 912 2504 πρῴων
931 2420 996 2501 ἔχει.

345 2524 397 2584 Fr.
423 2525 484 2583 301
510 2528 600 2585 recte
624 2525 756 2599 Madvig
777 2515 817 2596 ὥς
840 2539 899 2601 pro
922 2515 986 2584 ὧδ’.

345 2625 396 2686 Fr.
422 2625 498 2687 304.
525 2623 733 2702 Εὐπρόσατος
756 2627 790 2686 in
813 2625 1038 2704 εὐπρόσωπος,
1061 2629 1145 2702 quod
1169 2643 1210 2689 ue
1233 2629 1393 2689 Graecum
1418 2627 1549 2700 quidem
1575 2629 1663 2696 (nam

388 2729 560 2802 corruptus
584 2731 635 2789 eat
659 2728 733 2789 Eur.
757 2730 839 2790 Med.
864 2745 912 2790 vs.
939 2730 1029 2801 279),
1054 2734 1164 2792 mutat
1184 2729 1285 2791 Koolr.
1305 2730 1465 2804 Proposul
1484 2727 1662 2802 quondam:

389 2827 637 2907 εὐπρόσοδος
661 2825 701 2903 ὃς
723 2823 807 2908 ἦσθ’,
829 2827 951 2907 όνομα
975 2829 1069 2909 πρὸς
1094 2826 1217 2892 οὐδέν’
1245 2829 1447 2908 ἐπὶχεῑραςίί)
1467 2827 1662 2905 φίρων.(1.θ.

389 2930 589 2992 affabilis
623 2933 692 3007 qui
728 2948 838 3009 eras,
871 2934 1028 2994 nemini
1064 2932 1320 2995 inmanibus
1344 2935 1494 3007 (praete)
1520 2932 1664 2992 ferens

388 3033 420 3102 (1.
434 3046 462 3092 e.
489 3035 672 3104 ostentans)
696 3034 963 3109 praeclarum
988 3050 1145 3096 nomen.
1170 3034 1216 3097 01.
1241 3035 1405 3095 Eustatbii
1425 3033 1663 3109 interpretatio.

388 3132 541 3194 (letarum
564 3136 675 3195 nescio
698 3150 740 3195 au
763 3137 852 3196 recte
876 3136 925 3196 Bl.
950 3137 1125 3197 coniecerit
1149 3133 1196 3194 ἐπὶ
1219 3145 1367 3215 χειρῶν.

343 3235 394 3295 llr.
420 3236 495 3295 305.
519 3234 616 3296 Hunc
634 3235 889 3310 Polymnestum
912 3252 932 3298 a
955 3236 1153 3313 Colophonio
1177 3237 1447 3312 distinguendum
1471 3252 1545 3298 esse
1565 3239 1666 3311 negat

388 3335 424 3398 Ο.
449 3335 594 3397 Orusius.

343 3438 395 3499 Fr.
420 3439 496 3498 306.
520 3438 568 3500 Bl.
592 3435 651 3501 άπὸ
674 3450 747 3501 τῶν
770 3440 929 3519 βλεφάρων
952 3438 1017 3500 τὸν
1040 3438 1295 3520 ἕφημερινὸν.
1320 3441 1423 3502 Valde
1445 3440 1568 3502 dubito.

344 3539 396 3599 Fr.
421 3541 497 3600 307.
533 3540 694 3603 Headlam
728 3542 785 3614 τίς
817 3535 844 3601 θ’
879 3533 913 3602 εί
940 3541 994 3615 σός
1029 3537 1115 3620 (τάχ’
1142 3537 1210 3606 όν)
1234 3541 1353 3619 κομψός
1383 3539 1440 3601 κτὲ.
1465 3542 1514 3603 Β1.
1546 3539 1664 3618 κομψὸς

393 3651 481 3713 <πᾱς
510 3638 574 3703 ἂν)
610 3648 797 3720 (postquam
828 3644 952 3706 Porsen
983 3646 1065 3707 coni.
1097 3643 1231 3722 κομψός,
1258 3639 1423 3715 <assim
1451 3641 1518 3714 ατὲ.)
1542 3646 1576 3703 et
1599 3643 1666 3703 alia
1708 3675 1710 3678 -

388 3743 422 3803 in
446 3743 519 3805 adv.
544 3759 573 3805 a.
600 3745 698 3822 1890,
724 3763 754 3822 p.
778 3748 817 3807 13
843 3747 953 3806 minus
976 3746 1167 3820 probabilia.
1193 3747 1269 3806 Siue
1292 3745 1390 3806 dubio
1413 3745 1531 3822 κομψός
1552 3760 1572 3805 a
1592 3748 1665 3803 θεα-

387 3842 439 3921 τής
462 3860 527 3907 nou
561 3849 780 3922 separandum
804 3851 865 3908 est.
893 3881 931 3890 -
956 3846 1013 3908 Va.
1038 3849 1056 3906 2
1082 3848 1129 3908 Bl.
1155 3851 1325 3921 comparat
1347 3847 1456 3923 llurip.
1479 3847 1518 3908 lr.
1544 3847 1608 3907 215
1631 3847 1666 3906 et

392 3944 866 4027 <εόριπιόοί>σωκρατόγομφος
890 3948 1043 4010 Teleclld.
1068 3949 1100 4008 II
1124 3951 1199 4024 372,
1224 3951 1243 4009 3
1269 3949 1342 4020 (Mb.

344 4047 395 4108 Fr.
420 4049 484 4108 308
508 4048 557 4109 Bl.
581 4047 641 4108 ὑπὸ
665 4044 693 4108 δ’
713 4045 896 4128 Ἡρακλέους
916 4058 1078 4121 πεινῶντος
1103 4046 1163 4109 ἀεί
1186 4048 1236 4109 καὶ
1261 4045 1366 4116 (ταῦτ’
1389 4047 1464 4112 ἀεὶ)
1489 4044 1493 4126 Ι
1515 4048 1666 4109 σκώπτον-

388 4171 437 4220 τος
461 4147 497 4208 οό
521 4150 540 4227 β
549 4148 666 4210 ιωτὸν
693 4147 819 4228 (ἡμῖν)
846 4146 898 4211 ἔστ’
931 4149 1038 4213 <im
1062 4151 1124 4212 Sed
1149 4151 1300 4227 displicet
1322 4152 1494 4226 anapaesti
1518 4151 1643 4212 incisio.

344 4251 395 4310 Fr.
421 4251 496 4312 312.
520 4251 647 4313 Partim
671 4268 746 4314 oum
771 4255 895 4316 Koelrio
919 4256 968 4318 Bl.
991 4299 1200 4330 --,--,,,
1231 4255 1317 4331 λόγος
1345 4276 1387 4323 τις
1407 4246 1519 4329 tnalb'
1545 4249 1666 4329 ἀσαφὴς

389 4352 600 4430 σνοβαόβαλος
623 4349 708 4430 ἡμᾶς.
732 4353 909 4430 Comparat
932 4355 1143 4433 βουβαόκαλος
1166 4356 1359 4417 Anaxandr.
1384 4356 1437 4431 41,
1463 4356 1492 4414 5.

344 4453 395 4513 5ο.
421 4455 496 4516 313.
522 4454 603 4530 Quia
625 4454 769 4534 ῥαφανῖσι
794 4458 1011 4518 vescebantur
1030 4457 1062 4516 ol
1074 4460 1311 4534 κραιπαλῶντες,
1330 4455 1401 4517 lieri
1420 4457 1530 4530 potest
1549 4457 1664 4530 utper·

389 4556 494 4616 tineat
528 4557 568 4616 ud
602 4557 754 4632 Pytiuen.
784 4557 831 4619 01.
863 4559 1054 4620 Nicocbaris
1081 4559 1120 4620 fr.
1155 4561 1209 4636 15,
1241 4575 1271 4634 p.
1298 4560 1371 4620 773.
1402 4556 1514 4618 Debile
1537 4559 1665 4626 tamen,

388 4657 504 4732 fateor,
529 4661 773 4734 argumentum.

345 4757 397 4818 Fr.
422 4758 497 4819 317.
533 4757 616 4819 ἔσθιε
647 4756 697 4818 καί
727 4769 765 4844 σῇ
796 4765 841 4844 (τῇ
873 4761 946 4820 vult
968 4761 1028 4830 Bl.)
1058 4758 1161 4841 γαστρὶ
1185 4759 1271 4821 όίδου
1293 4760 1393 4840 χάριν,
1421 4757 1502 4837 όφρα
1528 4776 1560 4820 σε
1582 4757 1666 4837 λιμὸς

611 4857 753 4944 ἐχθαίρῃ,
776 4863 896 4933 Κοννᾶς
921 4860 953 4920 δὲ
977 4859 1203 4938 πολνοτίφανος
1227 4863 1392 4939 νικήσει.

388 4959 453 5019 Vix
482 4963 570 5022 recte
599 4961 692 5022 Koclr
715 4959 868 5047 ἀναθήσῃ,
892 4964 1055 5024 Headlam
1080 4963 1195 5046 διψήσῃ
1218 4965 1272 5024 vel
1295 4963 1422 5046 πεινήσχ
1446 4965 1665 5025 coniecerunt.

389 5059 489 5120 Multo
511 5062 709 5137 probabilior
731 5064 861 5126 videtur
883 5066 1004 5126 luiuria
1030 5067 1141 5141 spreta
1164 5066 1282 5126 Suidae
1302 5065 1414 5142 lectio,
1434 5067 1505 5126 eive
1525 5065 1669 5141 genuina
