3718 5788
822 485 883 546 175

228 687 370 732 monere
393 672 489 734 ualde
513 671 712 734 mediocrem
737 688 810 734 esse
836 673 920 734 hanc
945 675 1148 735 sententiam
1181 674 1276 748 idque
1307 674 1514 734 enuntiatam

237 774 347 835 verbis
370 773 456 835 hono
479 777 577 850 poeta
601 774 754 848 indignis.

191 876 244 937 Fr.
269 871 345 952 701,
373 880 401 940 1.
433 873 483 936 καὶ
517 892 574 952 pro
604 869 678 959 κᾷτα
709 891 751 937 ne
782 876 867 952 apud
897 878 1079 952 pessimum
1111 877 1244 950 quidem
1274 879 1406 952 poetam
1437 877 1514 938 ferri

236 981 355 1054 potest.
379 979 427 1040 Β1.
451 975 523 1058 apio
546 977 730 1056 μανθάνειν,
753 979 838 1054 quod
862 983 994 1055 propter
1016 987 1134 1058 πρῶτον
1158 995 1273 1040 verum
1299 994 1372 1039 esse
1392 980 1515 1053 nequit.

237 1081 446 1155 Legendum:

349 1181 390 1260 μὴ
413 1181 505 1260 ττιὶσγε
525 1179 719 1260 πρότερον
742 1180 794 1241 τὸν
821 1179 914 1259 νόμον
936 1179 956 1260 ἢ
982 1181 1121 1260 μάνθανε
1145 1181 1368 1260 (percivitur).

236 1285 306 1346 Non
340 1300 413 1346 esse
446 1284 572 1358 antiqui
602 1285 718 1359 poetae
749 1285 810 1345 hoc
841 1284 1065 1359 fragmentum
1090 1286 1173 1346 satis
1197 1299 1270 1345 esse
1294 1286 1434 1346 constat.
1467 1284 1513 1346 Cf.

237 1386 338 1448 Kock.
364 1420 404 1430 -
430 1387 485 1448 Vs.
511 1387 540 1446 2.
565 1387 757 1464 προενλαβοῦ
781 1389 816 1447 et
839 1385 904 1448 alia
926 1386 975 1448 Β1.

193 1489 243 1548 Fr.
269 1489 345 1564 706,
371 1489 400 1549 2.
432 1487 679 1549 violentissime
710 1489 758 1549 Bl.
791 1492 824 1549 et
847 1505 888 1549 ne
912 1491 987 1564 apte
1012 1489 1145 1563 quidem
1171 1480 1303 1566 ο1ςμήτ’
1329 1484 1469 1566 όνόοεταί
1490 1513 1516 1548 τι

235 1589 307 1668 μήτε
343 1589 494 1668 χρήσταις
528 1593 700 1665 praeterea
730 1605 883 1665 graecum
917 1593 970 1650 est
997 1580 1039 1649 ὧν
1065 1625 1104 1635 -
1130 1585 1276 1666 ὀνήσεται.
1301 1591 1515 1664 acquiescen-

237 1693 315 1752 dum
340 1695 374 1753 in
397 1693 548 1754 Meinelrii
573 1693 786 1754 correctione.

194 1794 243 1854 Fr.
270 1797 344 1855 707.
369 1796 417 1854 Β1.
450 1795 505 1855 cft.
537 1795 577 1854 fr.
604 1796 678 1855 712.
705 1828 744 1838 -
769 1794 826 1855 Vs.
852 1796 881 1856 2.
915 1795 1050 1855 Frustra
1080 1795 1130 1854 bis
1152 1795 1238 1855 idem
1264 1796 1374 1855 tentat
1395 1810 1444 1855 ve.
1468 1795 1514 1855 in·

235 1897 429 1958 sanabilem.

193 1997 241 2056 Fr.
267 1997 342 2058 709.
375 1996 548 2073 Ingeniose
579 1998 659 2059 Ellis
690 2014 740 2074 ap.
765 1998 814 2059 Β1.
840 1996 943 2075 ἰταμὸς
967 1993 983 2057 ὁ
1007 1996 1108 2080 σῴζων
1132 1989 1215 2076 ἦσθα
1239 2001 1273 2059 et
1296 1997 1386 2057 νόσον
1414 1997 1511 2062 <oh>

237 2097 392 2180 σῴζων-
412 2096 629 2184 ἀποθνῄσκεις,
653 2103 685 2162 et
709 2101 757 2161 Sic
780 2100 840 2176 Β1.,
864 2101 929 2160 nisi
954 2101 1038 2174 quod
1061 2097 1120 2158 ἐστὶ
1145 2100 1208 2170 (vel
1232 2096 1310 2159 ἔστιν
1334 2093 1362 2159 d'
1388 2093 1430 2178 ἆρ’
1458 2117 1515 2176 pro

236 2191 319 2277 ἦσθα
342 2199 407 2278 τὴν)
431 2204 465 2262 et
495 2201 585 2261 νόσον
612 2197 701 2263 <όὲ>
731 2202 840 2278 malit,
872 2202 937 2263 alia
964 2217 1090 2276 quoque
1118 2204 1261 2262 teutone.

195 2301 244 2363 Fr.
269 2302 345 2379 710,
371 2305 400 2363 2.
436 2304 573 2364 Frustra
603 2303 694 2365 Koch
726 2299 891 2362 ἕπισνιοποῦ
923 2306 956 2364 et
987 2300 1110 2363 ἐπινοοῦ
1138 2319 1196 2380 pro
1219 2300 1409 2381 ἐπισκέπτοο,
1432 2319 1515 2378 quae

237 2404 345 2465 forma
368 2421 477 2467 seram
508 2406 626 2467 horum
657 2420 827 2481 versuum,
861 2405 916 2478 qui
947 2403 1102 2480 leguntur
1124 2405 1224 2465 eiiam
1254 2405 1287 2466 in
1310 2405 1515 2467 Boissonadii

233 2507 411 2568 anecdotis
431 2508 477 2568 111
489 2524 519 2584 p.
533 2509 608 2583 472,
630 2508 790 2582 originem
810 2504 993 2568 coufirmat.
1014 2507 1114 2582 Spero
1133 2507 1201 2567 foro
1219 2508 1397 2569 utfulurus
1409 2509 1515 2569 editor

234 2609 383 2670 Disticha
405 2610 471 2670 ista
491 2610 691 2670 Parisicnsia
711 2609 808 2680 (haud
835 2608 946 2669 minus
965 2624 1063 2683 quam
1085 2609 1298 2680 Monosticha)
1318 2626 1393 2670 cum
1411 2611 1513 2670 omni-

236 2710 296 2771 hus
316 2711 370 2786 iis,
389 2726 472 2787 quae
489 2725 531 2772 ex
544 2711 795 2786 comparatione
808 2710 977 2771 Menandri
996 2713 1030 2771 et
1041 2711 1244 2772 Philemonis
1256 2711 1435 2787 fluxerunt,
1450 2712 1514 2771 nisi

234 2813 368 2873 aliunde
400 2810 545 2887 firmata,
582 2812 615 2872 in
650 2812 842 2888 Spuriorum
874 2814 972 2886 caput
1000 2812 1157 2873 conferat.
1193 2812 1250 2872 Vs.
1278 2814 1304 2871 1.
1336 2820 1395 2871 τῶν
1423 2809 1513 2883 πὲιας

233 2918 409 2992 κατηγορεῖν
432 2915 496 2989 Β1.,
533 2915 586 2988 qui
613 2929 660 2974 vs.
686 2915 705 2972 2
731 2913 818 2974 male
854 2915 997 2988 praefert
1032 2931 1128 2976 suum
1156 2908 1264 2993 πρόσθ’
1295 2914 1345 2975 vel
1373 2913 1513 2990 πόροςω

234 3015 439 3076 Meinelrlano
462 3009 548 3094 πρῶτ’
574 3030 632 3090 pro
655 3021 782 3093 πρῶτον.
1446 3019 1449 3026 “

190 3117 241 3176 Fr.
268 3117 342 3192 711,
372 3119 398 3177 1.
422 3117 561 3178 'femere
584 3116 631 3176 Β1.
656 3117 745 3189 ξύλον
769 3132 826 3191 pro
849 3116 970 3175 κλάδον.
992 3117 1038 3177 De
1058 3116 1231 3192 proverbio
1250 3121 1380 3193 praeter
1399 3121 1514 3180 notata

234 3233 254 3277 a
277 3217 401 3279 Koclrio
425 3219 464 3280 cf.
488 3219 582 3279 Phot.
608 3219 642 3279 et
666 3218 750 3278 Plut.
775 3233 865 3293 prov.
894 3220 933 3277 18
957 3217 1134 3296 σκαμβὸν
1159 3219 1249 3290 ξύλον
1280 3215 1379 3279 οὔποτ’
1407 3215 1512 3297 ὀρθόν.

190 3319 239 3379 Fr.
266 3320 341 3379 712.
368 3320 416 3380 Β1.
452 3317 483 3378 ta
517 3319 681 3398 μεταβολῆς
716 3316 791 3378 ἐπὰν
825 3316 860 3377 τὰ
890 3313 918 3376 o'
953 3315 1000 3378 lai
1031 3323 1164 3397 κρεῖττον
1194 3317 1270 3404 πέσῃ
1302 3318 1398 3404 (ῥέπῃ)
1419 3320 1424 3399 1
1446 3316 1511 3380 ὥστ’

233 3418 382 3498 εὐτυχεῖν,
403 3419 459 3480 ari.
485 3435 550 3481 lion
575 3421 672 3481 male.

193 3521 243 3580 Fr.
269 3523 343 3582 714.
369 3523 416 3583 Β1.
450 3522 520 3582 ὅταν
542 3519 638 3602 γέρων
661 3521 785 3602 γνώμην
809 3519 924 3602 γέροντι
949 3521 1170 3598 <μετσ>διδοιῖ
1202 3523 1263 3584 Sed
1283 3521 1379 3603 γέρων
1398 3521 1513 3602 γέροντι

237 3623 275 3683 de
298 3623 460 3685 industria
483 3625 626 3686 versifex
650 3625 860 3685 coniunxisse
880 3624 1018 3700 videtur,
1039 3639 1139 3698 quare
1159 3625 1370 3699 praetulerim
1392 3626 1511 3687 saltem

237 3723 308 3783 ὅταν
337 3723 433 3804 γέρων
463 3723 580 3805 γέροντι
609 3725 733 3804 γνώμην
757 3724 923 3803 μεταδιδοῖ,
946 3741 1025 3786 nam
1049 3726 1082 3785 ill
1111 3725 1201 3785 brevi
1225 3726 1353 3800 Syllaba
1376 3728 1512 3805 2111θῷ

237 3841 300 3888 οοο
334 3828 491 3903 producta
532 3843 573 3888 ne
607 3827 799 3888 recentioris
836 3826 967 3901 quidem
1001 3827 1190 3890 comoediae
1225 3829 1340 3902 poetae
1375 3828 1512 3889 oliende·

237 3931 322 3990 runt.
347 3929 402 3989 Vs.
429 3931 458 3990 2.
484 3928 575 3990 idem
600 3927 817 4008 ἕπτσαρεότται.

195 4029 243 4090 Fr.
268 4031 343 4092 718.
368 4030 598 4092 Coniecturam
616 4046 728 4092 meam
749 4047 799 4105 ap.
812 4029 974 4090 Koclrium
996 4030 1112 4105 prohat
1123 4030 1170 4091 Β1.
1192 4030 1312 4091 Postea
1323 4031 1512 4092 tentabam:

854 4131 881 4191 εἰ
903 4127 957 4208 μὲν
981 4130 1019 4208 δή
1047 4131 1191 4208 <,φ111,>

487 4233 579 4294 <σὺ>
606 4231 702 4312 πόρον
725 4231 797 4311 ἔχεις
825 4227 950 4297 <τιν’>·
977 4231 1003 4292 εἰ
1025 4228 1057 4291 il
1081 4231 1136 4308 μή,
1157 4230 1214 4292 ιιτὲ.

195 4333 243 4394 Fr.
268 4336 332 4396 720
355 4334 479 4409 optime
502 4337 683 4396 correctum
708 4350 727 4395 a
750 4335 907 4396 Porsono.
940 4333 1027 4394 Nihil
1058 4333 1126 4408 egit
1148 4333 1196 4394 Bl.
1221 4337 1335 4396 contra
1366 4338 1510 4396 metrum

236 4433 307 4495 κάπὶ
330 4446 427 4520 σπορᾷ
450 4451 643 4512 proponens.

195 4538 244 4598 Fr.
269 4539 342 4600 721.
367 4538 438 4599 Vid.
462 4538 588 4614 Nauck,
613 4537 685 4599 Mel.
711 4537 756 4598 VI
781 4539 853 4598 124.

194 4639 242 4700 Fr.
267 4640 340 4716 722,
369 4641 396 4698 1.
421 4639 503 4700 Oum
526 4639 574 4700 Β1.
599 4639 714 4700 malim
735 4635 979 4716 ἐλεοθόρ<ν>ον
1001 4638 1091 4698 Idem
1113 4637 1243 4699 inutilia
1260 4639 1325 4700 alia
1344 4642 1510 4718 proponit,

234 4756 298 4801 non
319 4740 437 4801 melius
460 4739 644 4800 sollicitans
668 4740 707 4800 fr.
733 4741 808 4801 723.

194 4841 243 4901 Fr.
268 4841 342 4904 726.
373 4842 548 4917 Ροτροτοοτ
579 4841 666 4902 idem
698 4840 829 4918 supplet
861 4837 1041 4919 (ἀμήχανον
1071 4839 1154 4920 γὰρ>
1183 4838 1286 4920 ἔργον,
1309 4857 1510 4917 quamquam

236 4943 305 5016 ipse
328 4942 383 5003 cft.
407 4941 489 5003 Mon.
517 4942 561 5001 IV
586 4944 659 5003 146.
693 4941 732 5002 nt
755 4942 830 5016 quid
854 4943 965 5004 notius
992 4958 1091 5016 quam
1115 4941 1202 5021 ἔργον
1226 4939 1299 5019 ἔστι,
1322 4945 1510 5006 difficile

236 5045 310 5104 est?
334 5042 394 5102 Sed
419 5047 507 5103 recle
531 5043 673 5102 fortasse
697 5037 761 5101 ioo’
788 5041 821 5102 ἐν
844 5042 939 5128 χρόνῳ
960 5044 1101 5105 coniecit
1123 5043 1221 5105 idem.
